{"play_id":"6d9438eb-6e77-4d9a-84c3-729879eed850","build_version":"2020-01-27","seed_played":"4121136169167526162","chose_seed":false,"seed_source_timestamp":13083726137,"is_daily":false,"special_seed":null,"is_trial":false,"is_endless":false,"is_ascension_mode":false,"ascension_level":0,"neow_bonus":"ONE_RARE_RELIC","neow_cost":"PERCENT_DAMAGE","is_beta":false,"is_prod":false,"victory":false,"floor_reached":44,"score":492,"timestamp":1723963642,"local_time":"20240818064722","playtime":2975,"player_experience":26529,"master_deck":["Strike_B","Strike_B+1","Strike_B","Defend_B","Defend_B","Defend_B","Defend_B","Zap","Dualcast","Conserve Battery+1","FTL+1","Echo Form","Rip and Tear+1","Redo","Rainbow","Stack","Amplify","Steam Power+1","Lockon+1","Hologram","Conserve Battery","Stack","Rebound","Streamline","Self Repair","Rip and Tear","Chill","Multi-Cast","FTL","Streamline+1","Beam Cell","Electrodynamics","BootSequence","Beam Cell","Consume"],"relics":["Cracked Core","Mango","Bronze Scales","Boot","Whetstone","FaceOfCleric","Busted Crown","CaptainsWheel","Happy Flower","Nunchaku","SlaversCollar","Prayer Wheel","TheAbacus","Meat on the Bone"],"gold":163,"campfire_rested":5,"campfire_upgraded":1,"purchased_purges":0,"potions_floor_spawned":[4,6,7,11,21,28,31,36,37,42],"potions_floor_usage":[11,16,16,16,24,33,33,42,44,44],"current_hp_per_floor":[63,63,63,63,63,37,25,25,25,51,26,8,8,8,34,31,90,81,81,81,76,76,76,32,59,59,60,53,50,57,54,83,38,99,95,56,64,64,64,94,86,82,82,0],"max_hp_per_floor":[89,89,89,89,89,89,89,89,89,89,89,89,89,89,89,90,90,91,91,91,92,92,92,93,93,93,94,95,96,97,98,98,99,99,100,101,102,102,102,102,103,104,104,104],"gold_per_floor":[113,113,113,127,127,160,175,205,232,232,262,277,252,252,252,354,354,369,20,20,31,4,4,38,38,61,77,90,105,118,136,136,235,235,250,302,313,140,140,140,152,163,163,163],"path_per_floor":["M","?","M","M","?","E","M","?","T","R","E","M","?","?","R","B",null,"M","$","?","M","$","R","E","R","T","M","M","M","M","M","R","B",null,"M","?","M","$","?","R","M","M","T","E"],"path_taken":["M","?","M","M","?","E","?","?","T","R","E","M","?","?","R","BOSS","M","?","?","M","$","R","E","R","T","?","?","M","M","?","R","BOSS","M","?","M","$","?","R","M","M","T","E"],"items_purchased":["CaptainsWheel","Lockon","Conserve Battery","TheAbacus","Beam Cell"],"item_purchase_floors":[19,19,22,38,38],"items_purged":[],"items_purged_floors":[],"character_chosen":"DEFECT","card_choices":[{"picked":"Conserve Battery","not_picked":["Leap","Stack"],"floor":1},{"picked":"FTL","not_picked":["Steam","Chaos"],"floor":3},{"picked":"Echo Form","not_picked":["Redo","Tempest"],"floor":4},{"picked":"Rip and Tear","not_picked":["Hologram","Compile Driver"],"floor":6},{"picked":"Redo","not_picked":["Storm","Go for the Eyes"],"floor":7},{"picked":"Rainbow","not_picked":["Capacitor","Sweeping Beam"],"floor":11},{"picked":"Stack","not_picked":["Rebound","Gash"],"floor":12},{"picked":"Amplify","not_picked":["Machine Learning","Rainbow"],"floor":16},{"picked":"Steam Power+1","not_picked":[],"floor":18},{"picked":"Hologram","not_picked":[],"floor":21},{"picked":"Stack","not_picked":[],"floor":24},{"picked":"Rebound","not_picked":[],"floor":27},{"picked":"Streamline","not_picked":[],"floor":28},{"picked":"Self Repair","not_picked":[],"floor":29},{"picked":"Rip and Tear","not_picked":[],"floor":30},{"picked":"Chill","not_picked":[],"floor":31},{"picked":"Multi-Cast","not_picked":[],"floor":33},{"picked":"FTL","not_picked":[],"floor":35},{"picked":"Streamline+1","not_picked":[],"floor":37},{"picked":"SKIP","not_picked":["Coolheaded"],"floor":37},{"picked":"Electrodynamics","not_picked":[],"floor":41},{"picked":"BootSequence","not_picked":[],"floor":41},{"picked":"Beam Cell","not_picked":[],"floor":42},{"picked":"Consume","not_picked":[],"floor":42}],"event_choices":[{"event_name":"Golden Wing","player_choice":"Ignored","floor":2,"cards_obtained":null,"cards_removed":null,"cards_transformed":null,"cards_upgraded":null,"relics_obtained":null,"potions_obtained":null,"relics_lost":null,"damage_taken":0,"damage_healed":0,"max_hp_loss":0,"max_hp_gain":0,"gold_gain":0,"gold_loss":0},{"event_name":"Living Wall","player_choice":"Grow","floor":5,"cards_obtained":null,"cards_removed":null,"cards_transformed":null,"cards_upgraded":["Conserve Battery"],"relics_obtained":null,"potions_obtained":null,"relics_lost":null,"damage_taken":0,"damage_healed":0,"max_hp_loss":0,"max_hp_gain":0,"gold_gain":0,"gold_loss":0},{"event_name":"Dead Adventurer","player_choice":"Searched '1' times","floor":8,"cards_obtained":null,"cards_removed":null,"cards_transformed":null,"cards_upgraded":null,"relics_obtained":null,"potions_obtained":null,"relics_lost":null,"damage_taken":0,"damage_healed":0,"max_hp_loss":0,"max_hp_gain":0,"gold_gain":30,"gold_loss":0},{"event_name":"World of Goop","player_choice":"Left Gold","floor":13,"cards_obtained":null,"cards_removed":null,"cards_transformed":null,"cards_upgraded":null,"relics_obtained":null,"potions_obtained":null,"relics_lost":null,"damage_taken":0,"damage_healed":0,"max_hp_loss":0,"max_hp_gain":0,"gold_gain":0,"gold_loss":25},{"event_name":"FaceTrader","player_choice":"Trade","floor":14,"cards_obtained":null,"cards_removed":null,"cards_transformed":null,"cards_upgraded":null,"relics_obtained":["FaceOfCleric"],"potions_obtained":null,"relics_lost":null,"damage_taken":0,"damage_healed":0,"max_hp_loss":0,"max_hp_gain":0,"gold_gain":0,"gold_loss":0},{"event_name":"Upgrade Shrine","player_choice":"Upgraded","floor":20,"cards_obtained":null,"cards_removed":null,"cards_transformed":null,"cards_upgraded":["Lockon"],"relics_obtained":null,"potions_obtained":null,"relics_lost":null,"damage_taken":0,"damage_healed":0,"max_hp_loss":0,"max_hp_gain":0,"gold_gain":0,"gold_loss":0},{"event_name":"Mysterious Sphere","player_choice":"Fight","floor":36,"cards_obtained":null,"cards_removed":null,"cards_transformed":null,"cards_upgraded":null,"relics_obtained":null,"potions_obtained":null,"relics_lost":null,"damage_taken":0,"damage_healed":0,"max_hp_loss":0,"max_hp_gain":0,"gold_gain":0,"gold_loss":0},{"event_name":"Purifier","player_choice":"Purged","floor":39,"cards_obtained":null,"cards_removed":["Strike_B"],"cards_transformed":null,"cards_upgraded":null,"relics_obtained":null,"potions_obtained":null,"relics_lost":null,"damage_taken":0,"damage_healed":0,"max_hp_loss":0,"max_hp_gain":0,"gold_gain":0,"gold_loss":0}],"boss_relics":[{"picked":"Busted Crown","not_picked":["Sozu","Empty Cage"]},{"picked":"SlaversCollar","not_picked":["Snecko Eye","Philosopher's Stone"]}],"damage_taken":[{"floor":1,"enemies":"Jaw Worm","damage":5,"turns":4},{"floor":3,"enemies":"Small Slimes","damage":0,"turns":3},{"floor":4,"enemies":"2 Louse","damage":0,"turns":3},{"floor":6,"enemies":"3 Sentries","damage":26,"turns":6},{"floor":7,"enemies":"2 Fungi Beasts","damage":12,"turns":3},{"floor":11,"enemies":"Gremlin Nob","damage":25,"turns":4},{"floor":12,"enemies":"Gremlin Gang","damage":18,"turns":3},{"floor":16,"enemies":"Slime Boss","damage":4,"turns":5},{"floor":18,"enemies":"Chosen","damage":10,"turns":3},{"floor":21,"enemies":"3 Byrds","damage":6,"turns":3},{"floor":24,"enemies":"Slavers","damage":45,"turns":4},{"floor":27,"enemies":"Snake Plant","damage":0,"turns":4},{"floor":28,"enemies":"Centurion and Healer","damage":8,"turns":7},{"floor":29,"enemies":"Cultist and Chosen","damage":4,"turns":5},{"floor":30,"enemies":"3 Cultists","damage":1,"turns":6},{"floor":31,"enemies":"Shelled Parasite and Fungi","damage":18,"turns":4},{"floor":33,"enemies":"Champ","damage":68,"turns":10},{"floor":35,"enemies":"3 Darklings","damage":19,"turns":7},{"floor":36,"enemies":"2 Orb Walkers","damage":47,"turns":6},{"floor":37,"enemies":"3 Shapes","damage":7,"turns":6},{"floor":41,"enemies":"Maw","damage":16,"turns":7},{"floor":42,"enemies":"Jaw Worm Horde","damage":12,"turns":5},{"floor":44,"enemies":"Giant Head","damage":97,"turns":8}],"potions_obtained":[{"key":"Strength Potion","floor":4},{"key":"PotionOfCapacity","floor":6},{"key":"PowerPotion","floor":7},{"key":"AttackPotion","floor":11},{"key":"Explosive Potion","floor":21},{"key":"FearPotion","floor":28},{"key":"Regen Potion","floor":31},{"key":"DistilledChaos","floor":36},{"key":"PotionOfCapacity","floor":37},{"key":"ColorlessPotion","floor":42}],"relics_obtained":[{"key":"Bronze Scales","floor":6},{"key":"Boot","floor":9},{"key":"Whetstone","floor":11},{"key":"Happy Flower","floor":24},{"key":"Nunchaku","floor":26},{"key":"Prayer Wheel","floor":36},{"key":"Meat on the Bone","floor":43}],"campfire_choices":[{"floor":10,"key":"REST"},{"floor":15,"key":"REST"},{"floor":23,"key":"SMITH","data":"Rip and Tear"},{"floor":25,"key":"REST"},{"floor":32,"key":"REST"},{"floor":40,"key":"REST"}],"circlet_count":0,"win_rate":0,"killed_by":"Giant Head"}