{"play_id":"f1481e89-7c4f-41fe-9dba-bf3ca8fe8464","build_version":"2020-01-27","seed_played":"-2279470727323629553","chose_seed":false,"seed_source_timestamp":201006744651,"is_daily":false,"special_seed":null,"is_trial":false,"is_endless":false,"is_ascension_mode":false,"ascension_level":0,"neow_bonus":"TEN_PERCENT_HP_BONUS","neow_cost":"NONE","is_beta":false,"is_prod":false,"victory":false,"floor_reached":16,"score":137,"timestamp":1723780572,"local_time":"20240816035612","playtime":938,"player_experience":17598,"master_deck":["Strike_B","Strike_B","Strike_B","Strike_B","Defend_B","Defend_B","Defend_B","Zap+1","Dualcast+1","Sweeping Beam","Redo","Fusion+1","Stack","Genetic Algorithm","Glacier","Cold Snap","Self Repair","Streamline"],"relics":["Cracked Core","Pear","Darkstone Periapt","Bottled Lightning","PreservedInsect"],"gold":15,"campfire_rested":2,"campfire_upgraded":1,"purchased_purges":0,"potions_floor_spawned":[1,10,14],"potions_floor_usage":[7,16,16],"current_hp_per_floor":[81,81,80,64,64,64,57,84,84,61,47,47,47,50,77,0],"max_hp_per_floor":[82,82,82,82,82,82,92,92,92,92,92,92,92,92,92,92],"gold_per_floor":[113,113,125,125,138,138,170,170,170,196,206,11,24,15,15,15],"path_per_floor":["M","?","M","?","M","R","E","R","T","E","M","$","M","M","R","B"],"path_taken":["M","?","?","?","M","R","E","R","T","E","M","?","M","M","R","BOSS"],"items_purchased":["PreservedInsect","Cold Snap"],"item_purchase_floors":[12,12],"items_purged":[],"items_purged_floors":[],"character_chosen":"DEFECT","card_choices":[{"picked":"Sweeping Beam","not_picked":["Lockon","Leap"],"floor":1},{"picked":"Redo","not_picked":["Fusion","Consume"],"floor":3},{"picked":"Fusion","not_picked":["Hologram","Blizzard"],"floor":5},{"picked":"Stack","not_picked":["Multi-Cast","Loop"],"floor":7},{"picked":"Genetic Algorithm","not_picked":["Compile Driver","Defragment"],"floor":10},{"picked":"Glacier","not_picked":["Self Repair","Go for the Eyes"],"floor":11},{"picked":"Self Repair","not_picked":["Chaos","Double Energy"],"floor":13},{"picked":"Streamline","not_picked":["Compile Driver","Stack"],"floor":14}],"event_choices":[{"event_name":"Bonfire Elementals","player_choice":"Offered Basic","floor":2,"cards_obtained":null,"cards_removed":["Defend_B"],"cards_transformed":null,"cards_upgraded":null,"relics_obtained":null,"potions_obtained":null,"relics_lost":null,"damage_taken":0,"damage_healed":0,"max_hp_loss":0,"max_hp_gain":0,"gold_gain":0,"gold_loss":0},{"event_name":"Shining Light","player_choice":"Entered Light","floor":4,"cards_obtained":null,"cards_removed":null,"cards_transformed":null,"cards_upgraded":["Dualcast","Zap"],"relics_obtained":null,"potions_obtained":null,"relics_lost":null,"damage_taken":16,"damage_healed":0,"max_hp_loss":0,"max_hp_gain":0,"gold_gain":0,"gold_loss":0}],"boss_relics":[],"damage_taken":[{"floor":1,"enemies":"Jaw Worm","damage":1,"turns":3},{"floor":3,"enemies":"Cultist","damage":1,"turns":3},{"floor":5,"enemies":"2 Louse","damage":0,"turns":1},{"floor":7,"enemies":"3 Sentries","damage":17,"turns":5},{"floor":10,"enemies":"Lagavulin","damage":23,"turns":6},{"floor":11,"enemies":"Exordium Wildlife","damage":14,"turns":3},{"floor":13,"enemies":"Looter","damage":0,"turns":3},{"floor":14,"enemies":"Exordium Thugs","damage":4,"turns":4},{"floor":16,"enemies":"Hexaghost","damage":83,"turns":18}],"potions_obtained":[{"key":"Fire Potion","floor":1},{"key":"SteroidPotion","floor":10},{"key":"SpeedPotion","floor":14}],"relics_obtained":[{"key":"Pear","floor":7},{"key":"Darkstone Periapt","floor":9},{"key":"Bottled Lightning","floor":10}],"campfire_choices":[{"floor":6,"key":"SMITH","data":"Fusion"},{"floor":8,"key":"REST"},{"floor":15,"key":"REST"}],"circlet_count":0,"win_rate":0,"killed_by":"Hexaghost"}