{"play_id":"41b3a148-90d5-41e7-9138-8c0c0c9c85f4","build_version":"2020-01-27","seed_played":"8708776396014714948","chose_seed":false,"seed_source_timestamp":221067376468,"is_daily":false,"special_seed":null,"is_trial":false,"is_endless":false,"is_ascension_mode":false,"ascension_level":0,"neow_bonus":"BOSS_RELIC","neow_cost":"NONE","is_beta":false,"is_prod":false,"victory":false,"floor_reached":46,"score":485,"timestamp":1723902084,"local_time":"08/17/2024 13:41:24","playtime":2585,"player_experience":23944,"master_deck":["Strike_B","Strike_B","Strike_B","Defend_B","Defend_B","Defend_B","Defend_B","Zap","Dualcast","Streamline","Melter","Redo","Leap","Aggregate","Cold Snap","Machine Learning","Tempest","The Bomb","Self Repair","Buffer","Consume","Streamline+1","Lockon","Beam Cell","Barrage","Cold Snap+1","Steam+1","Genetic Algorithm+1","Leap+1","Multi-Cast+1","Go for the Eyes+1","Static Discharge+1","Hello World","Enlightenment+1","Double Energy+1","Redo+1","BootSequence+1","Streamline+1"],"relics":["SlaversCollar","Bag of Marbles","Blood Vial","Regal Pillow","Odd Mushroom","Potion Belt","Mummified Hand","Ornamental Fan","Bag of Preparation","Inserter","Nilry's Codex","Bottled Flame","Toxic Egg 2","Runic Pyramid","HandDrill","Bronze Scales"],"gold":93,"campfire_rested":8,"campfire_upgraded":0,"purchased_purges":0,"potions_floor_spawned":[3,5,11,12,18,20,27,28,36,42],"potions_floor_usage":[11,14,16,16,30,37,46,46,46,46,46],"current_hp_per_floor":[74,74,74,74,70,54,75,38,38,75,59,40,40,34,71,54,75,75,75,55,28,28,65,49,49,49,31,34,71,43,40,75,58,75,53,38,11,11,11,48,48,9,9,46,4,0],"max_hp_per_floor":[75,75,75,75,75,75,75,75,75,75,75,75,75,75,75,75,75,75,75,75,75,75,75,75,75,75,75,75,75,75,75,75,75,75,75,75,75,75,75,75,75,75,75,75,75,75],"gold_per_floor":[119,146,163,18,29,59,59,87,133,133,166,231,1,33,33,128,128,140,157,176,189,93,93,93,143,143,155,168,168,193,211,211,316,316,331,345,355,355,29,29,29,49,74,74,93,93],"path_per_floor":["M","T","M","$","M","E","R","?","T","R","E","?","$","E","R","B",null,"M","M","M","M","$","R","?","?","T","M","M","R","E","M","R","B",null,"M","M","M","?","$","R","$","M","T","R","M","M"],"path_taken":["M","?","M","$","M","E","R","?","T","R","E","?","$","E","R","BOSS","M","M","M","M","$","R","?","?","T","?","M","R","E","M","R","BOSS","M","?","M","?","?","R","$","?","T","R","M","M"],"items_purchased":["Blood Vial","Tempest","The Bomb","Barrage","PowerPotion","HandDrill","Enlightenment+1","Double Energy+1","Redo+1"],"item_purchase_floors":[4,13,13,22,22,39,39,39,39],"items_purged":[],"items_purged_floors":[],"character_chosen":"DEFECT","card_choices":[{"picked":"Streamline","not_picked":["Go for the Eyes","Redo"],"floor":1},{"picked":"Melter","not_picked":["Redo","Leap"],"floor":3},{"picked":"Redo","not_picked":["Barrage","Skim"],"floor":5},{"picked":"Leap","not_picked":["Go for the Eyes","Redo"],"floor":6},{"picked":"Aggregate","not_picked":["Fission","Go for the Eyes"],"floor":8},{"picked":"Cold Snap","not_picked":["Skim","Compile Driver"],"floor":11},{"picked":"Machine Learning","not_picked":["Gash","Streamline"],"floor":12},{"picked":"Self Repair","not_picked":["Beam Cell","Sweeping Beam"],"floor":14},{"picked":"Buffer","not_picked":["Reboot","Creative AI"],"floor":16},{"picked":"Consume","not_picked":["Steam+1","Leap"],"floor":18},{"picked":"Streamline+1","not_picked":["Leap","Melter"],"floor":19},{"picked":"Lockon","not_picked":["Beam Cell","Reprogram"],"floor":20},{"picked":"Beam Cell","not_picked":["Doom and Gloom","Hello World"],"floor":21},{"picked":"Cold Snap+1","not_picked":["Capacitor","Melter"],"floor":27},{"picked":"Steam+1","not_picked":["Sweeping Beam","Beam Cell"],"floor":28},{"picked":"Genetic Algorithm+1","not_picked":["Loop","Stack+1"],"floor":30},{"picked":"Leap+1","not_picked":["Skim+1","Coolheaded+1"],"floor":31},{"picked":"Multi-Cast+1","not_picked":["Biased Cognition","Seek+1"],"floor":33},{"picked":"Go for the Eyes+1","not_picked":["Skim+1","Steam+1"],"floor":35},{"picked":"Static Discharge+1","not_picked":["Beam Cell+1","Force Field+1"],"floor":36},{"picked":"Hello World","not_picked":["Streamline","Heatsinks+1"],"floor":37},{"picked":"BootSequence+1","not_picked":["Defragment+1","Go for the Eyes+1"],"floor":42},{"picked":"Streamline+1","not_picked":["Self Repair","Beam Cell"],"floor":45}],"event_choices":[{"event_name":"Mushrooms","player_choice":"Fought Mushrooms","floor":8,"cards_obtained":null,"cards_removed":null,"cards_transformed":null,"cards_upgraded":null,"relics_obtained":null,"potions_obtained":null,"relics_lost":null,"damage_taken":0,"damage_healed":0,"max_hp_loss":0,"max_hp_gain":0,"gold_gain":0,"gold_loss":0},{"event_name":"Dead Adventurer","player_choice":"Searched '1' times","floor":12,"cards_obtained":null,"cards_removed":null,"cards_transformed":null,"cards_upgraded":null,"relics_obtained":null,"potions_obtained":null,"relics_lost":null,"damage_taken":0,"damage_healed":0,"max_hp_loss":0,"max_hp_gain":0,"gold_gain":0,"gold_loss":0},{"event_name":"Cursed Tome","player_choice":"Obtained Book","floor":24,"cards_obtained":null,"cards_removed":null,"cards_transformed":null,"cards_upgraded":null,"relics_obtained":null,"potions_obtained":null,"relics_lost":null,"damage_taken":16,"damage_healed":0,"max_hp_loss":0,"max_hp_gain":0,"gold_gain":0,"gold_loss":0},{"event_name":"The Joust","player_choice":"Bet on Murderer","floor":25,"cards_obtained":null,"cards_removed":null,"cards_transformed":null,"cards_upgraded":null,"relics_obtained":null,"potions_obtained":null,"relics_lost":null,"damage_taken":0,"damage_healed":0,"max_hp_loss":0,"max_hp_gain":0,"gold_gain":100,"gold_loss":50},{"event_name":"Purifier","player_choice":"Purged","floor":38,"cards_obtained":null,"cards_removed":["Strike_B"],"cards_transformed":null,"cards_upgraded":null,"relics_obtained":null,"potions_obtained":null,"relics_lost":null,"damage_taken":0,"damage_healed":0,"max_hp_loss":0,"max_hp_gain":0,"gold_gain":0,"gold_loss":0}],"boss_relics":[{"picked":"Inserter","not_picked":["Black Star","Snecko Eye"]},{"picked":"Runic Pyramid","not_picked":["Fusion Hammer","Cursed Key"]}],"damage_taken":[{"floor":1,"enemies":"Cultist","damage":1,"turns":3},{"floor":3,"enemies":"2 Louse","damage":0,"turns":2},{"floor":5,"enemies":"Small Slimes","damage":5,"turns":3},{"floor":6,"enemies":"Gremlin Nob","damage":18,"turns":4},{"floor":8,"enemies":"The Mushroom Lair","damage":37,"turns":5},{"floor":11,"enemies":"Lagavulin","damage":16,"turns":5},{"floor":12,"enemies":"Gremlin Nob","damage":21,"turns":4},{"floor":14,"enemies":"3 Sentries","damage":8,"turns":4},{"floor":16,"enemies":"Slime Boss","damage":26,"turns":5},{"floor":18,"enemies":"Shell Parasite","damage":4,"turns":4},{"floor":19,"enemies":"Spheric Guardian","damage":0,"turns":2},{"floor":20,"enemies":"Cultist and Chosen","damage":27,"turns":6},{"floor":21,"enemies":"Snake Plant","damage":29,"turns":4},{"floor":27,"enemies":"Sentry and Sphere","damage":20,"turns":4},{"floor":28,"enemies":"3 Cultists","damage":6,"turns":4},{"floor":30,"enemies":"Gremlin Leader","damage":30,"turns":4},{"floor":31,"enemies":"Snecko","damage":12,"turns":4},{"floor":33,"enemies":"Champ","damage":24,"turns":11},{"floor":35,"enemies":"Orb Walker","damage":22,"turns":4},{"floor":36,"enemies":"3 Darklings","damage":24,"turns":3},{"floor":37,"enemies":"Writhing Mass","damage":29,"turns":4},{"floor":42,"enemies":"Jaw Worm Horde","damage":48,"turns":4},{"floor":45,"enemies":"3 Darklings","damage":44,"turns":4},{"floor":46,"enemies":"Sphere and 2 Shapes","damage":10,"turns":3}],"potions_obtained":[{"key":"AttackPotion","floor":3},{"key":"LiquidMemories","floor":5},{"key":"SkillPotion","floor":11},{"key":"Explosive Potion","floor":12},{"key":"Explosive Potion","floor":18},{"key":"SkillPotion","floor":20},{"key":"LiquidMemories","floor":27},{"key":"SpeedPotion","floor":28},{"key":"Fire Potion","floor":36},{"key":"SteroidPotion","floor":42}],"relics_obtained":[{"key":"Bag of Marbles","floor":2},{"key":"Regal Pillow","floor":6},{"key":"Odd Mushroom","floor":8},{"key":"Potion Belt","floor":9},{"key":"Mummified Hand","floor":11},{"key":"Ornamental Fan","floor":12},{"key":"Bag of Preparation","floor":14},{"key":"Nilry's Codex","floor":24},{"key":"Bottled Flame","floor":26},{"key":"Toxic Egg 2","floor":30},{"key":"Bronze Scales","floor":43}],"campfire_choices":[{"floor":7,"key":"REST"},{"floor":10,"key":"REST"},{"floor":15,"key":"REST"},{"floor":23,"key":"REST"},{"floor":29,"key":"REST"},{"floor":32,"key":"REST"},{"floor":40,"key":"REST"},{"floor":44,"key":"REST"}],"circlet_count":0,"win_rate":0,"killed_by":"Sphere and 2 Shapes"}