{"play_id":"17185e3c-bbff-4f04-aeb1-d5925ec94c62","build_version":"2020-01-27","seed_played":"-4470763161350320773","chose_seed":false,"seed_source_timestamp":0,"is_daily":false,"special_seed":0,"is_trial":false,"is_endless":false,"is_ascension_mode":false,"ascension_level":0,"neow_bonus":"ONE_RARE_RELIC","neow_cost":"PERCENT_DAMAGE","is_beta":false,"is_prod":false,"victory":false,"floor_reached":41,"score":423,"timestamp":1724499260,"local_time":"08/24/2024 11:34:20","playtime":2124,"player_experience":39382,"master_deck":["Strike_B","Strike_B","Strike_B","Strike_B","Defend_B","Defend_B","Defend_B","Defend_B","Zap","Dualcast","Beam Cell","Rebound","Streamline","BootSequence","All For One","White Noise","Conserve Battery","Sunder","BootSequence","Thunder Strike","Darkness+1","Enlightenment","Static Discharge","Hologram+1","Force Field+1","Redo","Creative AI+1","Turbo+1","Rebound+1","Reinforced Body+1","Hello World+1","Sunder","Doom and Gloom"],"relics":["Cracked Core","Girya","Gremlin Horn","Thread and Needle","Peace Pipe","Vajra","Membership Card","Busted Crown","ClockworkSouvenir","MutagenicStrength","White Beast Statue","Pocketwatch","Frozen Egg 2","Nuclear Battery","Sling","Dream Catcher"],"gold":41,"campfire_rested":5,"campfire_upgraded":0,"purchased_purges":0,"potions_floor_spawned":[3,11,13,16,18,21,24,25,27,29,31,33,35,36,37],"potions_floor_usage":[24,33,33,33,37,41,41],"current_hp_per_floor":[53,75,65,65,63,24,46,25,25,47,47,29,27,27,49,7,75,68,68,68,60,60,60,27,27,27,27,52,40,40,33,55,26,75,58,43,13,13,13,35,0],"max_hp_per_floor":[75,75,75,75,75,75,75,75,75,75,75,75,75,75,75,75,75,75,75,75,75,75,75,75,75,75,75,75,75,75,75,75,75,75,75,75,75,75,75,75,75],"gold_per_floor":[111,111,130,130,143,177,177,212,212,212,231,231,250,20,20,124,124,142,21,21,38,38,38,69,79,79,92,92,112,112,128,128,227,227,239,254,265,265,41,41,41],"path_per_floor":["M","?","M","?","M","E","R","E","T","R","M","?","M","$","R","B","ul","M","$","?","M","?","R","E","M","T","M","?","M","R","M","R","B",null,"M","M","M","?","$","R","E"],"path_taken":["M","?","M","?","M","E","R","E","T","R","M","?","M","$","R","BOSS","M","$","?","M","?","R","E","M","T","M","?","?","R","M","R","BOSS","M","M","M","?","$","R","E"],"items_purchased":["Membership Card","Sunder","BootSequence","ClockworkSouvenir","Enlightenment","Sling","Dream Catcher","Hello World+1","Sunder"],"item_purchase_floors":[14,14,14,19,19,39,39,39,39],"items_purged":[],"items_purged_floors":[],"character_chosen":"DEFECT","card_choices":[{"picked":"Beam Cell","not_picked":["Coolheaded","Redo"],"floor":1},{"picked":"Rebound","not_picked":["Turbo","Beam Cell"],"floor":3},{"picked":"Streamline","not_picked":["Gash","Ball Lightning"],"floor":5},{"picked":"BootSequence","not_picked":["Stack","Ball Lightning"],"floor":6},{"picked":"All For One","not_picked":["Undo","Chaos"],"floor":8},{"picked":"White Noise","not_picked":["Turbo","Steam"],"floor":11},{"picked":"Conserve Battery","not_picked":["Coolheaded","Barrage"],"floor":13},{"picked":"Thunder Strike","not_picked":["Biased Cognition","All For One"],"floor":16},{"picked":"Darkness+1","not_picked":[],"floor":18},{"picked":"SKIP","not_picked":["Turbo"],"floor":21},{"picked":"Static Discharge","not_picked":[],"floor":24},{"picked":"Hologram+1","not_picked":[],"floor":25},{"picked":"Force Field+1","not_picked":[],"floor":27},{"picked":"Redo","not_picked":[],"floor":29},{"picked":"SKIP","not_picked":["Hologram"],"floor":31},{"picked":"Creative AI+1","not_picked":[],"floor":33},{"picked":"Turbo+1","not_picked":[],"floor":35},{"picked":"Rebound+1","not_picked":[],"floor":36},{"picked":"Reinforced Body+1","not_picked":[],"floor":37},{"picked":"Doom and Gloom","not_picked":[],"floor":40}],"event_choices":[{"event_name":"Big Fish","player_choice":"Banana","floor":2,"cards_obtained":null,"cards_removed":null,"cards_transformed":null,"cards_upgraded":null,"relics_obtained":null,"potions_obtained":null,"relics_lost":null,"damage_taken":0,"damage_healed":25,"max_hp_loss":0,"max_hp_gain":0,"gold_gain":0,"gold_loss":0},{"event_name":"Golden Wing","player_choice":"Ignored","floor":4,"cards_obtained":null,"cards_removed":null,"cards_transformed":null,"cards_upgraded":null,"relics_obtained":null,"potions_obtained":null,"relics_lost":null,"damage_taken":0,"damage_healed":0,"max_hp_loss":0,"max_hp_gain":0,"gold_gain":0,"gold_loss":0},{"event_name":"Scrap Ooze","player_choice":"Success","floor":12,"cards_obtained":null,"cards_removed":null,"cards_transformed":null,"cards_upgraded":null,"relics_obtained":["Vajra"],"potions_obtained":null,"relics_lost":null,"damage_taken":18,"damage_healed":0,"max_hp_loss":0,"max_hp_gain":0,"gold_gain":0,"gold_loss":0},{"event_name":"Drug Dealer","player_choice":"Inject Mutagens","floor":20,"cards_obtained":null,"cards_removed":null,"cards_transformed":null,"cards_upgraded":null,"relics_obtained":["MutagenicStrength"],"potions_obtained":null,"relics_lost":null,"damage_taken":0,"damage_healed":0,"max_hp_loss":0,"max_hp_gain":0,"gold_gain":0,"gold_loss":0},{"event_name":"The Mausoleum","player_choice":"Opened","floor":22,"cards_obtained":null,"cards_removed":null,"cards_transformed":null,"cards_upgraded":null,"relics_obtained":["White Beast Statue"],"potions_obtained":null,"relics_lost":null,"damage_taken":0,"damage_healed":0,"max_hp_loss":0,"max_hp_gain":0,"gold_gain":0,"gold_loss":0},{"event_name":"The Library","player_choice":"Heal","floor":28,"cards_obtained":null,"cards_removed":null,"cards_transformed":null,"cards_upgraded":null,"relics_obtained":null,"potions_obtained":null,"relics_lost":null,"damage_taken":0,"damage_healed":25,"max_hp_loss":0,"max_hp_gain":0,"gold_gain":0,"gold_loss":0},{"event_name":"Tomb of Lord Red Mask","player_choice":"Ignored","floor":38,"cards_obtained":null,"cards_removed":null,"cards_transformed":null,"cards_upgraded":null,"relics_obtained":null,"potions_obtained":null,"relics_lost":null,"damage_taken":0,"damage_healed":0,"max_hp_loss":0,"max_hp_gain":0,"gold_gain":0,"gold_loss":0}],"boss_relics":[{"picked":"Busted Crown","not_picked":["Empty Cage","Snecko Eye"]},{"picked":"Nuclear Battery","not_picked":["Sozu","Coffee Dripper"]}],"damage_taken":[{"floor":1,"enemies":"Jaw Worm","damage":1,"turns":3},{"floor":3,"enemies":"Small Slimes","damage":10,"turns":2},{"floor":5,"enemies":"2 Louse","damage":2,"turns":2},{"floor":6,"enemies":"Lagavulin","damage":39,"turns":6},{"floor":8,"enemies":"3 Sentries","damage":21,"turns":6},{"floor":11,"enemies":"Exordium Thugs","damage":0,"turns":4},{"floor":13,"enemies":"Large Slime","damage":2,"turns":2},{"floor":16,"enemies":"Hexaghost","damage":42,"turns":8},{"floor":18,"enemies":"3 Byrds","damage":7,"turns":4},{"floor":21,"enemies":"Shell Parasite","damage":8,"turns":4},{"floor":24,"enemies":"Gremlin Leader","damage":33,"turns":7},{"floor":25,"enemies":"Centurion and Healer","damage":0,"turns":3},{"floor":27,"enemies":"Snecko","damage":0,"turns":3},{"floor":29,"enemies":"Snake Plant","damage":12,"turns":3},{"floor":31,"enemies":"Chosen and Byrds","damage":7,"turns":5},{"floor":33,"enemies":"Champ","damage":44,"turns":8},{"floor":35,"enemies":"Orb Walker","damage":17,"turns":4},{"floor":36,"enemies":"3 Shapes","damage":15,"turns":4},{"floor":37,"enemies":"Maw","damage":30,"turns":6},{"floor":41,"enemies":"Giant Head","damage":65,"turns":8}],"potions_obtained":[{"key":"SmokeBomb","floor":3},{"key":"Strength Potion","floor":11},{"key":"PotionOfCapacity","floor":13},{"key":"DuplicationPotion","floor":16},{"key":"EssenceOfSteel","floor":18},{"key":"Fire Potion","floor":24},{"key":"FearPotion","floor":25},{"key":"EssenceOfDarkness","floor":27},{"key":"Regen Potion","floor":29},{"key":"FairyPotion","floor":33},{"key":"Energy Potion","floor":35},{"key":"BlessingOfTheForge","floor":36},{"key":"Energy Potion","floor":37}],"relics_obtained":[{"key":"Gremlin Horn","floor":6},{"key":"Thread and Needle","floor":8},{"key":"Peace Pipe","floor":9},{"key":"Pocketwatch","floor":24},{"key":"Frozen Egg 2","floor":26}],"campfire_choices":[{"floor":7,"key":"REST"},{"floor":10,"key":"REST"},{"floor":15,"key":"REST"},{"floor":23,"key":"LIFT","data":"1"},{"floor":30,"key":"LIFT","data":"2"},{"floor":32,"key":"REST"},{"floor":40,"key":"REST"}],"circlet_count":0,"win_rate":0,"killed_by":"Giant Head"}