{"play_id":"dc8601fe-201e-40aa-bad2-4b7f154ff11b","build_version":"2020-01-27","seed_played":"827327387771636911","chose_seed":false,"seed_source_timestamp":496221535772,"is_daily":false,"special_seed":null,"is_trial":false,"is_endless":false,"is_ascension_mode":false,"ascension_level":0,"neow_bonus":"BOSS_RELIC","neow_cost":"NONE","is_beta":false,"is_prod":false,"victory":false,"floor_reached":21,"score":189,"timestamp":1724500127,"local_time":"08/24/2024 11:48:47","playtime":849,"player_experience":41506,"master_deck":["Strike_B","Strike_B","Strike_B","Strike_B","Defend_B","Defend_B","Defend_B","Defend_B","Zap","Dualcast","Loop+1","Steam","Zap","Buffer","Double Energy","The Bomb","Glacier","Barrage","Stack","Seek","Auto Shields","Stack+1","Skim+1"],"relics":["Inserter","Bag of Marbles","Boot","Pantograph","Sling","Cursed Key"],"gold":149,"campfire_rested":3,"campfire_upgraded":0,"purchased_purges":0,"potions_floor_spawned":[4,6,10,19],"potions_floor_usage":[6,6,16],"current_hp_per_floor":[74,63,63,56,56,7,31,31,31,18,12,11,35,35,59,39,80,70,66,8,0],"max_hp_per_floor":[75,75,75,75,75,80,80,80,80,80,80,80,80,80,80,80,80,80,80,80,80],"gold_per_floor":[117,192,192,206,206,232,232,67,90,123,138,157,157,7,7,108,108,119,135,149,149],"path_per_floor":["M","?","?","M","?","E","R","$","T","E","M","M","R","$","R","B",null,"M","M","M","M"],"path_taken":["M","?","?","M","?","E","R","$","T","E","?","M","R","?","R","BOSS","M","?","M","M"],"items_purchased":["The Bomb","Sling"],"item_purchase_floors":[8,14],"items_purged":[],"items_purged_floors":[],"character_chosen":"DEFECT","card_choices":[{"picked":"Loop","not_picked":["Compile Driver","Redo"],"floor":1},{"picked":"Steam","not_picked":["Double Energy","Heatsinks"],"floor":4},{"picked":"Double Energy","not_picked":["Compile Driver","Cold Snap"],"floor":6},{"picked":"Glacier","not_picked":["Conserve Battery","Skim"],"floor":10},{"picked":"Barrage","not_picked":["Gash","Rebound"],"floor":11},{"picked":"Stack","not_picked":["Rebound","Barrage"],"floor":12},{"picked":"Seek","not_picked":["Buffer","Meteor Strike"],"floor":16},{"picked":"Auto Shields","not_picked":["Static Discharge+1","Hologram"],"floor":18},{"picked":"Stack+1","not_picked":["Beam Cell","Loop+1"],"floor":19},{"picked":"Skim+1","not_picked":["Redo","Darkness"],"floor":20}],"event_choices":[{"event_name":"World of Goop","player_choice":"Gather Gold","floor":2,"cards_obtained":null,"cards_removed":null,"cards_transformed":null,"cards_upgraded":null,"relics_obtained":null,"potions_obtained":null,"relics_lost":null,"damage_taken":11,"damage_healed":0,"max_hp_loss":0,"max_hp_gain":0,"gold_gain":75,"gold_loss":0},{"event_name":"Living Wall","player_choice":"Grow","floor":3,"cards_obtained":null,"cards_removed":null,"cards_transformed":null,"cards_upgraded":["Loop"],"relics_obtained":null,"potions_obtained":null,"relics_lost":null,"damage_taken":0,"damage_healed":0,"max_hp_loss":0,"max_hp_gain":0,"gold_gain":0,"gold_loss":0},{"event_name":"Match and Keep!","player_choice":"2 cards matched","floor":5,"cards_obtained":["Zap","Buffer"],"cards_removed":null,"cards_transformed":null,"cards_upgraded":null,"relics_obtained":null,"potions_obtained":null,"relics_lost":null,"damage_taken":0,"damage_healed":0,"max_hp_loss":0,"max_hp_gain":0,"gold_gain":0,"gold_loss":0}],"boss_relics":[{"picked":"Cursed Key","not_picked":["Velvet Choker","SacredBark"]}],"damage_taken":[{"floor":1,"enemies":"Jaw Worm","damage":1,"turns":4},{"floor":4,"enemies":"Small Slimes","damage":7,"turns":3},{"floor":6,"enemies":"Gremlin Nob","damage":63,"turns":6},{"floor":10,"enemies":"3 Sentries","damage":13,"turns":4},{"floor":11,"enemies":"Cultist","damage":6,"turns":4},{"floor":12,"enemies":"Red Slaver","damage":1,"turns":5},{"floor":16,"enemies":"Hexaghost","damage":41,"turns":11},{"floor":18,"enemies":"Spheric Guardian","damage":10,"turns":4},{"floor":19,"enemies":"Chosen","damage":4,"turns":6},{"floor":20,"enemies":"3 Cultists","damage":58,"turns":6},{"floor":21,"enemies":"Shelled Parasite and Fungi","damage":13,"turns":1}],"potions_obtained":[{"key":"Regen Potion","floor":4},{"key":"Fruit Juice","floor":6},{"key":"ColorlessPotion","floor":10},{"key":"SneckoOil","floor":19}],"relics_obtained":[{"key":"Bag of Marbles","floor":6},{"key":"Boot","floor":9},{"key":"Pantograph","floor":10}],"campfire_choices":[{"floor":7,"key":"REST"},{"floor":13,"key":"REST"},{"floor":15,"key":"REST"}],"circlet_count":0,"win_rate":0,"killed_by":"Shelled Parasite and Fungi"}