{"play_id":"e5997607-f427-45c5-9a4e-3bd0ae5c98a8","build_version":"2020-01-27","seed_played":"-6123562521772432496","chose_seed":false,"seed_source_timestamp":0,"is_daily":false,"special_seed":0,"is_trial":false,"is_endless":false,"is_ascension_mode":false,"ascension_level":0,"neow_bonus":"ONE_RARE_RELIC","neow_cost":"PERCENT_DAMAGE","is_beta":false,"is_prod":false,"victory":false,"floor_reached":24,"score":196,"timestamp":1725390693,"local_time":"20240903191133","playtime":1377,"player_experience":57518,"master_deck":["Strike_B","Strike_B","Strike_B","Strike_B","Defend_B","Defend_B","Defend_B","Defend_B","Zap","Dualcast","Genetic Algorithm","Melter","Rebound","Hologram","Auto Shields","Loop","Leap","Sweeping Beam","Multi-Cast","CurseOfTheBell","Go for the Eyes","Cold Snap+1","Stack"],"relics":["Cracked Core","Girya","Toy Ornithopter","Anchor","Blood Vial","Bag of Preparation","Calling Bell","Strawberry","Gremlin Horn","StoneCalendar","MutagenicStrength"],"gold":170,"campfire_rested":3,"campfire_upgraded":0,"purchased_purges":0,"potions_floor_spawned":[1,7,14],"potions_floor_usage":[16,16,24],"current_hp_per_floor":[51,51,51,51,51,16,16,38,38,40,40,40,40,42,64,16,82,56,40,40,42,1,27,0],"max_hp_per_floor":[75,75,75,75,75,75,75,75,75,75,75,75,75,75,75,75,82,82,87,87,87,87,87,87],"gold_per_floor":[113,78,78,29,56,86,97,97,120,133,148,148,5,24,24,120,120,130,130,130,150,170,170,170],"path_per_floor":["M","$","?","$","T","E","M","R","T","M","M","?","$","M","R","B",null,"M","?","?","M","M","R","E"],"path_taken":["M","$","?","?","?","E","M","R","T","M","M","?","$","M","R","BOSS","M","?","?","M","M","R","E"],"items_purchased":["Melter","Hologram","Bag of Preparation"],"item_purchase_floors":[2,4,13],"items_purged":[],"items_purged_floors":[],"character_chosen":"DEFECT","card_choices":[{"picked":"Genetic Algorithm","not_picked":["Undo","Rip and Tear"],"floor":1},{"picked":"Auto Shields","not_picked":["Hologram","Stack"],"floor":6},{"picked":"Loop","not_picked":["Leap","Hologram"],"floor":7},{"picked":"Leap","not_picked":["Coolheaded","Stack"],"floor":10},{"picked":"SKIP","not_picked":["Stack","Turbo","Coolheaded"],"floor":11},{"picked":"Sweeping Beam","not_picked":["Multi-Cast","Beam Cell"],"floor":14},{"picked":"Multi-Cast","not_picked":["Creative AI","Thunder Strike"],"floor":16},{"picked":"Go for the Eyes","not_picked":["Gash","Coolheaded"],"floor":18},{"picked":"Cold Snap+1","not_picked":["Compile Driver","Chill"],"floor":21},{"picked":"Stack","not_picked":["Loop","FTL"],"floor":22}],"event_choices":[{"event_name":"Match and Keep!","player_choice":"1 cards matched","floor":3,"cards_obtained":["Rebound"],"cards_removed":null,"cards_transformed":null,"cards_upgraded":null,"relics_obtained":null,"potions_obtained":null,"relics_lost":null,"damage_taken":0,"damage_healed":0,"max_hp_loss":0,"max_hp_gain":0,"gold_gain":0,"gold_loss":0},{"event_name":"The Woman in Blue","player_choice":"Bought 0 Potions","floor":12,"cards_obtained":null,"cards_removed":null,"cards_transformed":null,"cards_upgraded":null,"relics_obtained":null,"potions_obtained":null,"relics_lost":null,"damage_taken":0,"damage_healed":0,"max_hp_loss":0,"max_hp_gain":0,"gold_gain":0,"gold_loss":0},{"event_name":"Forgotten Altar","player_choice":"Shed Blood","floor":19,"cards_obtained":null,"cards_removed":null,"cards_transformed":null,"cards_upgraded":null,"relics_obtained":null,"potions_obtained":null,"relics_lost":null,"damage_taken":21,"damage_healed":0,"max_hp_loss":0,"max_hp_gain":5,"gold_gain":0,"gold_loss":0},{"event_name":"Drug Dealer","player_choice":"Inject Mutagens","floor":20,"cards_obtained":null,"cards_removed":null,"cards_transformed":null,"cards_upgraded":null,"relics_obtained":["MutagenicStrength"],"potions_obtained":null,"relics_lost":null,"damage_taken":0,"damage_healed":0,"max_hp_loss":0,"max_hp_gain":0,"gold_gain":0,"gold_loss":0}],"boss_relics":[{"picked":"Calling Bell","not_picked":["SlaversCollar","Astrolabe"]}],"damage_taken":[{"floor":1,"enemies":"Small Slimes","damage":3,"turns":2},{"floor":6,"enemies":"3 Sentries","damage":35,"turns":7},{"floor":7,"enemies":"Cultist","damage":0,"turns":2},{"floor":10,"enemies":"Jaw Worm","damage":0,"turns":2},{"floor":11,"enemies":"2 Fungi Beasts","damage":2,"turns":3},{"floor":14,"enemies":"Exordium Wildlife","damage":0,"turns":3},{"floor":16,"enemies":"Hexaghost","damage":60,"turns":11},{"floor":18,"enemies":"Chosen","damage":26,"turns":7},{"floor":21,"enemies":"Spheric Guardian","damage":0,"turns":2},{"floor":22,"enemies":"Snecko","damage":43,"turns":7},{"floor":24,"enemies":"Gremlin Leader","damage":42,"turns":4}],"potions_obtained":[{"key":"Strength Potion","floor":1},{"key":"Strength Potion","floor":7},{"key":"AttackPotion","floor":14}],"relics_obtained":[{"key":"Toy Ornithopter","floor":5},{"key":"Anchor","floor":6},{"key":"Blood Vial","floor":9},{"key":"Strawberry","floor":17},{"key":"Gremlin Horn","floor":17},{"key":"StoneCalendar","floor":17}],"campfire_choices":[{"floor":8,"key":"REST"},{"floor":15,"key":"REST"},{"floor":23,"key":"REST"}],"circlet_count":0,"win_rate":0,"killed_by":"Gremlin Leader"}