{"play_id":"b3cd3ffe-15ab-4b71-a7ca-e40edb101eee","build_version":"2020-01-27","seed_played":"2966191041252418801","chose_seed":false,"seed_source_timestamp":681979853692,"is_daily":false,"special_seed":null,"is_trial":false,"is_endless":false,"is_ascension_mode":false,"ascension_level":0,"neow_bonus":"TRANSFORM_CARD","neow_cost":"NONE","is_beta":false,"is_prod":false,"victory":false,"floor_reached":25,"score":219,"timestamp":1725391935,"local_time":"20240903193215","playtime":1216,"player_experience":58895,"master_deck":["Strike_B","Strike_B","Strike_B","Defend_B+1","Defend_B","Defend_B","Defend_B","Zap","Dualcast","Stack+1","Defragment+1","Streamline","Conserve Battery","Rebound","Ball Lightning","Biased Cognition","Gash","RitualDagger","Doom and Gloom","Streamline+1","Static Discharge"],"relics":["Cracked Core","Golden Idol","Meat on the Bone","InkBottle","Bag of Preparation","Inserter","Sundial","Lee's Waffle","Omamori"],"gold":171,"campfire_rested":3,"campfire_upgraded":1,"purchased_purges":0,"potions_floor_spawned":[7,10,16,22,23],"potions_floor_usage":[11,22,22],"current_hp_per_floor":[66,66,64,56,42,62,60,60,60,49,45,65,65,54,69,49,69,38,32,32,76,61,14,14,0],"max_hp_per_floor":[75,69,69,69,69,69,69,69,69,69,69,69,69,69,69,69,69,69,69,69,76,76,76,76,76],"gold_per_floor":[115,115,129,150,150,150,166,166,166,179,213,213,65,140,140,270,270,289,289,289,107,127,171,171,171],"path_per_floor":["M","?","M","M","?","R","M","R","T","M","E","R","$","?","R","B",null,"M","?","T","$","M","E","?","E"],"path_taken":["M","?","M","M","?","R","M","R","T","M","E","R","$","?","R","BOSS","M","?","?","$","M","E","?","E"],"items_purchased":["Bag of Preparation","Lee's Waffle","Doom and Gloom"],"item_purchase_floors":[13,21,21],"items_purged":[],"items_purged_floors":[],"character_chosen":"DEFECT","card_choices":[{"picked":"Defragment","not_picked":["Rebound","Hologram"],"floor":1},{"picked":"Streamline","not_picked":["Consume","Steam"],"floor":3},{"picked":"Conserve Battery","not_picked":["Beam Cell","Redo"],"floor":4},{"picked":"SKIP","not_picked":["Turbo","Hologram","Beam Cell"],"floor":7},{"picked":"Rebound","not_picked":["Capacitor","Coolheaded"],"floor":10},{"picked":"Ball Lightning","not_picked":["Heatsinks","Creative AI"],"floor":11},{"picked":"Biased Cognition","not_picked":["Seek","Buffer"],"floor":16},{"picked":"Gash","not_picked":["Redo","Conserve Battery"],"floor":18},{"picked":"Streamline+1","not_picked":["Gash","Ball Lightning+1"],"floor":22},{"picked":"Static Discharge","not_picked":["Undo","Rebound"],"floor":23}],"event_choices":[{"event_name":"Golden Idol","player_choice":"Lose Max HP","floor":2,"cards_obtained":null,"cards_removed":null,"cards_transformed":null,"cards_upgraded":null,"relics_obtained":["Golden Idol"],"potions_obtained":null,"relics_lost":null,"damage_taken":0,"damage_healed":0,"max_hp_loss":6,"max_hp_gain":0,"gold_gain":0,"gold_loss":0},{"event_name":"Shining Light","player_choice":"Entered Light","floor":5,"cards_obtained":null,"cards_removed":null,"cards_transformed":null,"cards_upgraded":["Stack","Defend_B"],"relics_obtained":null,"potions_obtained":null,"relics_lost":null,"damage_taken":14,"damage_healed":0,"max_hp_loss":0,"max_hp_gain":0,"gold_gain":0,"gold_loss":0},{"event_name":"World of Goop","player_choice":"Gather Gold","floor":14,"cards_obtained":null,"cards_removed":null,"cards_transformed":null,"cards_upgraded":null,"relics_obtained":null,"potions_obtained":null,"relics_lost":null,"damage_taken":11,"damage_healed":0,"max_hp_loss":0,"max_hp_gain":0,"gold_gain":75,"gold_loss":0},{"event_name":"Nest","player_choice":"Joined the Cult","floor":19,"cards_obtained":["RitualDagger"],"cards_removed":null,"cards_transformed":null,"cards_upgraded":null,"relics_obtained":null,"potions_obtained":null,"relics_lost":null,"damage_taken":6,"damage_healed":0,"max_hp_loss":0,"max_hp_gain":0,"gold_gain":0,"gold_loss":0},{"event_name":"Beggar","player_choice":"Ignored","floor":24,"cards_obtained":null,"cards_removed":null,"cards_transformed":null,"cards_upgraded":null,"relics_obtained":null,"potions_obtained":null,"relics_lost":null,"damage_taken":0,"damage_healed":0,"max_hp_loss":0,"max_hp_gain":0,"gold_gain":0,"gold_loss":0}],"boss_relics":[{"picked":"Inserter","not_picked":["SacredBark","Runic Dome"]}],"damage_taken":[{"floor":1,"enemies":"Small Slimes","damage":9,"turns":3},{"floor":3,"enemies":"2 Louse","damage":2,"turns":3},{"floor":4,"enemies":"Jaw Worm","damage":8,"turns":3},{"floor":7,"enemies":"Blue Slaver","damage":2,"turns":4},{"floor":10,"enemies":"Large Slime","damage":11,"turns":8},{"floor":11,"enemies":"Gremlin Nob","damage":16,"turns":4},{"floor":16,"enemies":"Slime Boss","damage":20,"turns":6},{"floor":18,"enemies":"3 Byrds","damage":31,"turns":4},{"floor":22,"enemies":"2 Thieves","damage":15,"turns":3},{"floor":23,"enemies":"Gremlin Leader","damage":59,"turns":7},{"floor":25,"enemies":"Book of Stabbing","damage":14,"turns":3}],"potions_obtained":[{"key":"Energy Potion","floor":7},{"key":"Energy Potion","floor":10},{"key":"Energy Potion","floor":16},{"key":"Swift Potion","floor":22},{"key":"Ancient Potion","floor":23}],"relics_obtained":[{"key":"Meat on the Bone","floor":9},{"key":"InkBottle","floor":11},{"key":"Sundial","floor":20},{"key":"Omamori","floor":23}],"campfire_choices":[{"floor":6,"key":"REST"},{"floor":8,"key":"SMITH","data":"Defragment"},{"floor":12,"key":"REST"},{"floor":15,"key":"REST"}],"circlet_count":0,"win_rate":0,"killed_by":"Book of Stabbing"}