{"play_id":"c504013f-1005-45f5-b87f-5db08d102308","build_version":"2020-01-27","seed_played":"6516078820473826640","chose_seed":false,"seed_source_timestamp":1374441545755,"is_daily":false,"special_seed":null,"is_trial":false,"is_endless":false,"is_ascension_mode":false,"ascension_level":0,"neow_bonus":"TWO_FIFTY_GOLD","neow_cost":"PERCENT_DAMAGE","is_beta":false,"is_prod":false,"victory":true,"floor_reached":51,"score":742,"timestamp":1725576330,"local_time":"09/05/2024 22:45:30","playtime":2123,"player_experience":60111,"master_deck":["Strike_B+1","Strike_B+1","Strike_B","Strike_B+1","Defend_B","Defend_B","Defend_B+1","Defend_B","Zap","Dualcast+1","BootSequence","Undo","Sweeping Beam+1","Beam Cell+1","Conserve Battery","Recycle","Beam Cell+1","Compile Driver+1","Buffer+1","Rebound+1","Sunder+1","Static Discharge+1","Rip and Tear+1","Rebound+1","Madness","Ball Lightning+1","Aggregate+1","Ball Lightning+1","Meteor Strike+1","Seek","Rip and Tear+1","Conserve Battery+1","Barrage+1","Doom and Gloom+1","Mind Blast+1","Auto Shields+1","Parasite","FTL+1","Rebound+1"],"relics":["Cracked Core","Molten Egg 2","HornCleat","Shuriken","Whetstone","Black Star","CaptainsWheel","Vajra","Nunchaku","Tiny Chest","Bottled Lightning","SlaversCollar","Bag of Marbles","Red Mask","Kunai","Ancient Tea Set","Pantograph"],"gold":168,"campfire_rested":6,"campfire_upgraded":3,"purchased_purges":0,"potions_floor_spawned":[1,2,10,18,21,29,30,36,48],"potions_floor_usage":[16,28,50,50],"current_hp_per_floor":[51,51,69,54,54,54,36,36,36,26,26,26,48,48,70,43,75,64,64,64,64,64,64,64,42,42,64,59,59,59,59,75,45,75,67,67,63,48,48,48,70,70,70,63,49,71,71,71,71,23],"max_hp_per_floor":[75,75,75,75,75,75,75,75,75,75,75,75,75,75,75,75,75,75,75,75,75,75,75,75,75,75,75,75,75,75,75,75,75,75,75,75,75,75,75,75,75,75,75,75,75,75,75,75,75,75],"gold_per_floor":[368,379,344,344,344,344,344,5,5,39,53,64,64,76,76,174,174,190,190,190,210,32,32,32,57,57,57,84,101,111,122,122,217,217,228,247,262,278,56,0,0,0,0,33,49,49,149,168,168,168],"path_per_floor":["M","M","?","?","?","R","?","$","T","E","M","M","R","M","R","B",null,"M","?","?","M","$","R","?","E","T","R","E","M","M","M","R","B",null,"M","M","M","M","$","?","R","?","T","E","M","R","?","M","R","B",null],"path_taken":["M","M","?","?","?","R","?","$","T","E","M","?","R","M","R","BOSS","M","?","?","M","$","R","?","E","T","R","E","M","M","M","R","BOSS","M","M","M","M","$","?","R","?","T","E","M","R","?","M","R","BOSS"],"items_purchased":["HornCleat","Sweeping Beam+1","Beam Cell+1","Rip and Tear+1","Rebound+1","Madness","Bag of Marbles","Doom and Gloom+1"],"item_purchase_floors":[8,8,8,22,22,22,39,39],"items_purged":[],"items_purged_floors":[],"character_chosen":"DEFECT","card_choices":[{"picked":"BootSequence","not_picked":["Double Energy","Redo"],"floor":1},{"picked":"Undo","not_picked":["Storm","Stack"],"floor":2},{"picked":"Conserve Battery","not_picked":["Stack","Chill"],"floor":10},{"picked":"Recycle","not_picked":["Sweeping Beam+1","Stack"],"floor":11},{"picked":"Beam Cell+1","not_picked":["Heatsinks","Stack"],"floor":12},{"picked":"Compile Driver+1","not_picked":["Auto Shields","Blizzard+1"],"floor":14},{"picked":"Buffer","not_picked":["Multi-Cast","Machine Learning"],"floor":16},{"picked":"Rebound+1","not_picked":["Cold Snap+1","Stack"],"floor":18},{"picked":"Static Discharge","not_picked":["Skim+1","Force Field"],"floor":21},{"picked":"Ball Lightning+1","not_picked":["Rebound+1","Consume"],"floor":25},{"picked":"SKIP","not_picked":["Leap","Auto Shields","Turbo"],"floor":28},{"picked":"Aggregate+1","not_picked":["Tempest","Steam Power+1"],"floor":29},{"picked":"Ball Lightning+1","not_picked":["Compile Driver+1","Steam"],"floor":30},{"picked":"Meteor Strike+1","not_picked":["Doom and Gloom+1","Cold Snap+1"],"floor":31},{"picked":"Seek","not_picked":["Creative AI","Fission"],"floor":33},{"picked":"Rip and Tear+1","not_picked":["Gash+1","Compile Driver+1"],"floor":35},{"picked":"SKIP","not_picked":["Sweeping Beam+1","White Noise+1","Genetic Algorithm"],"floor":36},{"picked":"Conserve Battery+1","not_picked":["Defragment","FTL+1"],"floor":37},{"picked":"Barrage+1","not_picked":["Leap","Coolheaded"],"floor":38},{"picked":"Mind Blast+1","not_picked":["Thinking Ahead","Enlightenment"],"floor":42},{"picked":"Auto Shields+1","not_picked":["Hologram+1","Conserve Battery+1"],"floor":44},{"picked":"FTL+1","not_picked":["Conserve Battery+1","Skim+1"],"floor":45},{"picked":"Rebound+1","not_picked":["Gash+1","Chill"],"floor":48}],"event_choices":[{"event_name":"The Cleric","player_choice":"Healed","floor":3,"cards_obtained":null,"cards_removed":null,"cards_transformed":null,"cards_upgraded":null,"relics_obtained":null,"potions_obtained":null,"relics_lost":null,"damage_taken":0,"damage_healed":18,"max_hp_loss":0,"max_hp_gain":0,"gold_gain":0,"gold_loss":35},{"event_name":"Shining Light","player_choice":"Entered Light","floor":4,"cards_obtained":null,"cards_removed":null,"cards_transformed":null,"cards_upgraded":["Strike_B","Defend_B"],"relics_obtained":null,"potions_obtained":null,"relics_lost":null,"damage_taken":15,"damage_healed":0,"max_hp_loss":0,"max_hp_gain":0,"gold_gain":0,"gold_loss":0},{"event_name":"Liars Game","player_choice":"Ignored","floor":5,"cards_obtained":null,"cards_removed":null,"cards_transformed":null,"cards_upgraded":null,"relics_obtained":null,"potions_obtained":null,"relics_lost":null,"damage_taken":0,"damage_healed":0,"max_hp_loss":0,"max_hp_gain":0,"gold_gain":0,"gold_loss":0},{"event_name":"Scrap Ooze","player_choice":"Success","floor":7,"cards_obtained":null,"cards_removed":null,"cards_transformed":null,"cards_upgraded":null,"relics_obtained":["Molten Egg 2"],"potions_obtained":null,"relics_lost":null,"damage_taken":18,"damage_healed":0,"max_hp_loss":0,"max_hp_gain":0,"gold_gain":0,"gold_loss":0},{"event_name":"The Library","player_choice":"Read","floor":19,"cards_obtained":["Sunder"],"cards_removed":null,"cards_transformed":null,"cards_upgraded":null,"relics_obtained":null,"potions_obtained":null,"relics_lost":null,"damage_taken":0,"damage_healed":0,"max_hp_loss":0,"max_hp_gain":0,"gold_gain":0,"gold_loss":0},{"event_name":"Ghosts","player_choice":"Ignored","floor":20,"cards_obtained":null,"cards_removed":null,"cards_transformed":null,"cards_upgraded":null,"relics_obtained":null,"potions_obtained":null,"relics_lost":null,"damage_taken":0,"damage_healed":0,"max_hp_loss":0,"max_hp_gain":0,"gold_gain":0,"gold_loss":0},{"event_name":"Vampires","player_choice":"Ignored","floor":24,"cards_obtained":null,"cards_removed":null,"cards_transformed":null,"cards_upgraded":null,"relics_obtained":null,"potions_obtained":null,"relics_lost":null,"damage_taken":0,"damage_healed":0,"max_hp_loss":0,"max_hp_gain":0,"gold_gain":0,"gold_loss":0},{"event_name":"Tomb of Lord Red Mask","player_choice":"Paid","floor":40,"cards_obtained":null,"cards_removed":null,"cards_transformed":null,"cards_upgraded":null,"relics_obtained":["Red Mask"],"potions_obtained":null,"relics_lost":null,"damage_taken":0,"damage_healed":0,"max_hp_loss":0,"max_hp_gain":0,"gold_gain":0,"gold_loss":56},{"event_name":"SensoryStone","player_choice":"Memory 1","floor":42,"cards_obtained":null,"cards_removed":null,"cards_transformed":null,"cards_upgraded":null,"relics_obtained":null,"potions_obtained":null,"relics_lost":null,"damage_taken":0,"damage_healed":0,"max_hp_loss":0,"max_hp_gain":0,"gold_gain":0,"gold_loss":0},{"event_name":"Golden Shrine","player_choice":"Pray","floor":47,"cards_obtained":null,"cards_removed":null,"cards_transformed":null,"cards_upgraded":null,"relics_obtained":null,"potions_obtained":null,"relics_lost":null,"damage_taken":0,"damage_healed":0,"max_hp_loss":0,"max_hp_gain":0,"gold_gain":100,"gold_loss":0}],"boss_relics":[{"picked":"Black Star","not_picked":["Cursed Key","Coffee Dripper"]},{"picked":"SlaversCollar","not_picked":["Runic Dome","Tiny House"]}],"damage_taken":[{"floor":1,"enemies":"2 Louse","damage":3,"turns":2},{"floor":2,"enemies":"Jaw Worm","damage":0,"turns":2},{"floor":10,"enemies":"Lagavulin","damage":10,"turns":6},{"floor":11,"enemies":"Small Slimes","damage":0,"turns":2},{"floor":12,"enemies":"Exordium Thugs","damage":0,"turns":4},{"floor":14,"enemies":"2 Fungi Beasts","damage":0,"turns":2},{"floor":16,"enemies":"The Guardian","damage":27,"turns":7},{"floor":18,"enemies":"Shell Parasite","damage":11,"turns":5},{"floor":21,"enemies":"Chosen","damage":0,"turns":3},{"floor":25,"enemies":"Slavers","damage":22,"turns":4},{"floor":28,"enemies":"Gremlin Leader","damage":5,"turns":5},{"floor":29,"enemies":"Snake Plant","damage":0,"turns":3},{"floor":30,"enemies":"Cultist and Chosen","damage":0,"turns":5},{"floor":31,"enemies":"3 Cultists","damage":0,"turns":4},{"floor":33,"enemies":"Collector","damage":30,"turns":7},{"floor":35,"enemies":"3 Shapes","damage":8,"turns":3},{"floor":36,"enemies":"Orb Walker","damage":0,"turns":3},{"floor":37,"enemies":"Sphere and 2 Shapes","damage":4,"turns":3},{"floor":38,"enemies":"Transient","damage":15,"turns":5},{"floor":44,"enemies":"Reptomancer","damage":7,"turns":4},{"floor":45,"enemies":"Writhing Mass","damage":14,"turns":6},{"floor":48,"enemies":"4 Shapes","damage":0,"turns":3},{"floor":50,"enemies":"Time Eater","damage":52,"turns":9}],"potions_obtained":[{"key":"Explosive Potion","floor":1},{"key":"DuplicationPotion","floor":2},{"key":"FairyPotion","floor":10},{"key":"BlessingOfTheForge","floor":18},{"key":"BlessingOfTheForge","floor":21},{"key":"SneckoOil","floor":29},{"key":"Block Potion","floor":30}],"relics_obtained":[{"key":"Shuriken","floor":9},{"key":"Whetstone","floor":10},{"key":"CaptainsWheel","floor":25},{"key":"Vajra","floor":25},{"key":"Nunchaku","floor":26},{"key":"Tiny Chest","floor":28},{"key":"Bottled Lightning","floor":28},{"key":"Kunai","floor":43},{"key":"Ancient Tea Set","floor":44},{"key":"Pantograph","floor":44}],"campfire_choices":[{"floor":6,"key":"SMITH","data":"Dualcast"},{"floor":13,"key":"REST"},{"floor":15,"key":"REST"},{"floor":23,"key":"SMITH","data":"Buffer"},{"floor":27,"key":"REST"},{"floor":32,"key":"REST"},{"floor":41,"key":"REST"},{"floor":46,"key":"REST"},{"floor":49,"key":"SMITH","data":"Static Discharge"}],"circlet_count":0,"win_rate":0,"killed_by":null}