{"play_id":"3e7037bd-8058-4a3f-bca8-19f196475ec5","build_version":"2020-01-27","seed_played":"-6174153621595730278","chose_seed":false,"seed_source_timestamp":2863407521796,"is_daily":false,"special_seed":null,"is_trial":false,"is_endless":false,"is_ascension_mode":true,"ascension_level":2,"neow_bonus":"ONE_RARE_RELIC","neow_cost":"PERCENT_DAMAGE","is_beta":false,"is_prod":false,"victory":true,"floor_reached":51,"score":908,"timestamp":1728197111,"local_time":"20241006064511","playtime":3762,"player_experience":71925,"master_deck":["Strike_B","Strike_B","Strike_B","Defend_B","Defend_B","Defend_B+1","Defend_B","Zap","Dualcast","Beam Cell","BootSequence","Heatsinks","White Noise","Chill+1","Amplify+1","Ball Lightning","Hello World","Electrodynamics+1","Conserve Battery+1","Master of Strategy","Redo","Creative AI+1","Heatsinks+1","Undo+1","Defragment+1","Parasite","Redo+1","Leap+1"],"relics":["Cracked Core","Bird Faced Urn","Mummified Hand","Blue Candle","Regal Pillow","Anchor","Bottled Tornado","Busted Crown","Vajra","Pen Nib","War Paint","Pantograph","Boot","Inserter","Toolbox","Red Mask","Nunchaku","Turnip","Girya","Eternal Feather","Toxic Egg 2"],"gold":137,"campfire_rested":3,"campfire_upgraded":5,"purchased_purges":1,"potions_floor_spawned":[1,3,4,5,11,21,25,28,31,35,36],"potions_floor_usage":[5,6,8,8,10,33,33,42,50],"current_hp_per_floor":[53,53,51,32,29,17,41,40,40,39,32,36,36,36,75,39,80,78,66,66,70,76,76,76,73,73,73,71,40,40,23,62,26,80,80,58,58,58,58,58,59,78,78,80,80,57,57,77,80,25],"max_hp_per_floor":[75,75,75,75,80,80,80,80,80,80,80,80,80,80,80,80,80,80,80,80,80,80,80,80,80,80,80,80,80,80,80,80,80,80,80,80,80,80,80,80,80,80,80,80,80,80,80,80,80,80],"gold_per_floor":[114,126,141,154,164,199,199,230,256,291,309,328,328,328,328,429,429,443,533,39,53,69,69,69,95,95,95,108,141,141,154,154,257,257,274,290,2,0,0,0,31,50,50,83,83,112,112,137,137,137],"path_per_floor":["M","M","M","M","M","E","R","E","T","E","M","M","?","T","R","B",null,"M","?","$","M","M","R","$","E","T","R","M","E","?","M","R","B",null,"M","M","$","?","$","R","E","M","T","E","R","E","?","E","R","B",null],"path_taken":["M","?","?","?","M","E","R","E","T","E","?","M","?","?","R","BOSS","M","?","$","?","M","R","$","E","T","R","M","E","?","M","R","BOSS","M","M","$","?","$","R","E","M","T","E","R","E","?","E","R","BOSS"],"items_purchased":["Vajra","Pen Nib","Conserve Battery","Master of Strategy","Defragment","Toolbox"],"item_purchase_floors":[20,20,20,20,37,37],"items_purged":["Strike_B"],"items_purged_floors":[37],"character_chosen":"DEFECT","card_choices":[{"picked":"Beam Cell","not_picked":["Stack","Turbo"],"floor":1},{"picked":"BootSequence","not_picked":["Conserve Battery","Steam"],"floor":2},{"picked":"Heatsinks","not_picked":["Steam","Leap"],"floor":3},{"picked":"Streamline","not_picked":["Scrape","Barrage"],"floor":4},{"picked":"White Noise","not_picked":["Melter","Go for the Eyes"],"floor":5},{"picked":"Chill","not_picked":["Chaos","Steam"],"floor":6},{"picked":"SKIP","not_picked":["Steam Power","Heatsinks","Beam Cell"],"floor":8},{"picked":"Amplify","not_picked":["Leap","Force Field"],"floor":10},{"picked":"Ball Lightning","not_picked":["Rebound","Reinforced Body"],"floor":11},{"picked":"Hello World","not_picked":["Recycle","FTL"],"floor":12},{"picked":"Electrodynamics","not_picked":["Thunder Strike","Biased Cognition"],"floor":16},{"picked":"SKIP","not_picked":["Gash"],"floor":18},{"picked":"SKIP","not_picked":["Conserve Battery"],"floor":21},{"picked":"SKIP","not_picked":["Coolheaded"],"floor":22},{"picked":"Redo","not_picked":[],"floor":25},{"picked":"SKIP","not_picked":["Steam"],"floor":28},{"picked":"SKIP","not_picked":["Beam Cell"],"floor":29},{"picked":"SKIP","not_picked":["Recycle+1"],"floor":31},{"picked":"Creative AI","not_picked":[],"floor":33},{"picked":"Heatsinks+1","not_picked":[],"floor":35},{"picked":"Undo+1","not_picked":[],"floor":36},{"picked":"SKIP","not_picked":["Go for the Eyes+1"],"floor":41},{"picked":"Redo+1","not_picked":[],"floor":42},{"picked":"SKIP","not_picked":["Reboot"],"floor":44},{"picked":"SKIP","not_picked":["Chill+1"],"floor":46},{"picked":"Leap+1","not_picked":[],"floor":48}],"event_choices":[{"event_name":"Liars Game","player_choice":"Ignored","floor":13,"cards_obtained":null,"cards_removed":null,"cards_transformed":null,"cards_upgraded":null,"relics_obtained":null,"potions_obtained":null,"relics_lost":null,"damage_taken":0,"damage_healed":0,"max_hp_loss":0,"max_hp_gain":0,"gold_gain":0,"gold_loss":0},{"event_name":"Knowing Skull","player_choice":"GOLD ","floor":19,"cards_obtained":[],"cards_removed":null,"cards_transformed":null,"cards_upgraded":null,"relics_obtained":null,"potions_obtained":[],"relics_lost":null,"damage_taken":12,"damage_healed":0,"max_hp_loss":0,"max_hp_gain":0,"gold_gain":90,"gold_loss":0},{"event_name":"Ghosts","player_choice":"Ignored","floor":30,"cards_obtained":null,"cards_removed":null,"cards_transformed":null,"cards_upgraded":null,"relics_obtained":null,"potions_obtained":null,"relics_lost":null,"damage_taken":0,"damage_healed":0,"max_hp_loss":0,"max_hp_gain":0,"gold_gain":0,"gold_loss":0},{"event_name":"Tomb of Lord Red Mask","player_choice":"Paid","floor":38,"cards_obtained":null,"cards_removed":null,"cards_transformed":null,"cards_upgraded":null,"relics_obtained":["Red Mask"],"potions_obtained":null,"relics_lost":null,"damage_taken":0,"damage_healed":0,"max_hp_loss":0,"max_hp_gain":0,"gold_gain":0,"gold_loss":2},{"event_name":"Falling","player_choice":"Removed Attack","floor":47,"cards_obtained":null,"cards_removed":["Streamline"],"cards_transformed":null,"cards_upgraded":null,"relics_obtained":null,"potions_obtained":null,"relics_lost":null,"damage_taken":0,"damage_healed":0,"max_hp_loss":0,"max_hp_gain":0,"gold_gain":0,"gold_loss":0}],"boss_relics":[{"picked":"Busted Crown","not_picked":["FrozenCore","Cursed Key"]},{"picked":"Inserter","not_picked":["Runic Dome","Coffee Dripper"]}],"damage_taken":[{"floor":1,"enemies":"Cultist","damage":1,"turns":3},{"floor":2,"enemies":"Small Slimes","damage":0,"turns":3},{"floor":3,"enemies":"Jaw Worm","damage":2,"turns":2},{"floor":4,"enemies":"Exordium Wildlife","damage":21,"turns":5},{"floor":5,"enemies":"Gremlin Gang","damage":10,"turns":4},{"floor":6,"enemies":"Lagavulin","damage":16,"turns":6},{"floor":8,"enemies":"3 Sentries","damage":5,"turns":7},{"floor":10,"enemies":"Gremlin Nob","damage":5,"turns":3},{"floor":11,"enemies":"Exordium Thugs","damage":11,"turns":4},{"floor":12,"enemies":"Large Slime","damage":0,"turns":4},{"floor":16,"enemies":"The Guardian","damage":44,"turns":9},{"floor":18,"enemies":"2 Thieves","damage":2,"turns":3},{"floor":21,"enemies":"3 Byrds","damage":0,"turns":2},{"floor":22,"enemies":"3 Cultists","damage":2,"turns":3},{"floor":25,"enemies":"Gremlin Leader","damage":9,"turns":5},{"floor":28,"enemies":"Snake Plant","damage":9,"turns":4},{"floor":29,"enemies":"Book of Stabbing","damage":39,"turns":5},{"floor":31,"enemies":"Shelled Parasite and Fungi","damage":27,"turns":4},{"floor":33,"enemies":"Collector","damage":56,"turns":8},{"floor":35,"enemies":"3 Shapes","damage":0,"turns":4},{"floor":36,"enemies":"3 Darklings","damage":26,"turns":4},{"floor":41,"enemies":"Giant Head","damage":23,"turns":7},{"floor":42,"enemies":"Writhing Mass","damage":9,"turns":5},{"floor":44,"enemies":"Nemesis","damage":0,"turns":5},{"floor":46,"enemies":"Giant Head","damage":25,"turns":7},{"floor":48,"enemies":"Reptomancer","damage":0,"turns":6},{"floor":50,"enemies":"Awakened One","damage":81,"turns":9}],"potions_obtained":[{"key":"EntropicBrew","floor":1},{"key":"SteroidPotion","floor":3},{"key":"Fruit Juice","floor":4},{"key":"Explosive Potion","floor":5},{"key":"FairyPotion","floor":11},{"key":"SteroidPotion","floor":31},{"key":"PowerPotion","floor":35},{"key":"CultistPotion","floor":36}],"relics_obtained":[{"key":"Mummified Hand","floor":6},{"key":"Blue Candle","floor":8},{"key":"Regal Pillow","floor":9},{"key":"Anchor","floor":10},{"key":"Bottled Tornado","floor":14},{"key":"War Paint","floor":25},{"key":"Pantograph","floor":26},{"key":"Boot","floor":29},{"key":"Nunchaku","floor":41},{"key":"Turnip","floor":43},{"key":"Girya","floor":44},{"key":"Eternal Feather","floor":46},{"key":"Toxic Egg 2","floor":48}],"campfire_choices":[{"floor":7,"key":"REST"},{"floor":15,"key":"REST"},{"floor":23,"key":"SMITH","data":"Electrodynamics"},{"floor":27,"key":"SMITH","data":"Chill"},{"floor":32,"key":"REST"},{"floor":40,"key":"SMITH","data":"Defragment"},{"floor":45,"key":"SMITH","data":"Creative AI"},{"floor":49,"key":"SMITH","data":"Amplify"}],"circlet_count":0,"win_rate":0,"killed_by":null}