{"play_id":"81124bde-c867-4169-bcc7-254cf7e15a34","build_version":"2020-01-27","seed_played":"-8951276053633351836","chose_seed":false,"seed_source_timestamp":6223908456831,"is_daily":false,"special_seed":null,"is_trial":false,"is_endless":false,"is_ascension_mode":true,"ascension_level":3,"neow_bonus":"ONE_RARE_RELIC","neow_cost":"CURSE","is_beta":false,"is_prod":false,"victory":true,"floor_reached":51,"score":878,"timestamp":1728850151,"local_time":"20241013200911","playtime":2321,"player_experience":77572,"master_deck":["Strike_B","Defend_B","Defend_B+1","Defend_B","Defend_B","Zap","Dualcast","Darkness","Doom and Gloom","Static Discharge+1","Static Discharge","Loop","Auto Shields","Force Field","Lockon","Machine Learning","Electrodynamics","White Noise","Self Repair","Static Discharge+1","Conserve Battery+1","Thunder Strike","BootSequence+1","Echo Form","White Noise+1","Consume+1","BootSequence+1","Force Field"],"relics":["Cracked Core","CaptainsWheel","Spirit Poop","Blood Vial","Dream Catcher","Bag of Marbles","Fusion Hammer","Happy Flower","White Beast Statue","The Courier","Pen Nib","Mercury Hourglass","Empty Cage","Orichalcum","Centennial Puzzle","Girya","Meat on the Bone"],"gold":224,"campfire_rested":6,"campfire_upgraded":1,"purchased_purges":2,"potions_floor_spawned":[7,10,11,23,29,31,33,35,36,38,40,41,42,46,48],"potions_floor_usage":[14,16,22,23,29,31,31,33,33,36,40,40,41,42,48,50,50],"current_hp_per_floor":[72,72,57,57,57,75,59,59,59,60,61,61,63,53,75,49,75,73,70,66,62,67,54,56,56,56,56,56,31,31,23,47,26,80,80,50,50,15,70,69,41,26,26,26,47,53,70,61,70,47],"max_hp_per_floor":[75,75,75,75,75,75,75,75,75,75,75,75,75,75,75,75,75,75,75,75,75,80,80,80,80,80,80,80,80,80,80,80,80,80,80,80,80,80,70,70,70,70,70,70,70,70,70,70,70,70],"gold_per_floor":[118,79,79,8,8,8,37,37,37,55,72,38,51,77,77,181,181,197,197,215,232,232,258,268,268,268,268,268,294,109,140,140,244,244,258,270,67,81,81,115,166,196,196,196,196,210,210,224,224,224],"path_per_floor":["M","$","?","$","?","R","E","R","T","M","M","$","M","E","R","B",null,"M","?","M","M","?","E","M","T","T","?","R","E","$","E","R","B",null,"M","M","$","M","?","E","?","E","T","?","R","M","R","M","R","B",null],"path_taken":["M","$","?","$","?","R","E","R","T","M","?","$","M","E","R","BOSS","M","?","M","?","?","E","?","?","T","?","R","E","?","E","R","BOSS","M","M","$","M","?","E","?","E","T","?","R","M","R","M","R","BOSS"],"items_purchased":["Doom and Gloom","Static Discharge","Force Field","Thunder Strike","Orichalcum"],"item_purchase_floors":[2,4,12,30,37],"items_purged":["Strike_B","White Noise"],"items_purged_floors":[30,37],"character_chosen":"DEFECT","card_choices":[{"picked":"Darkness","not_picked":["Beam Cell","Go for the Eyes"],"floor":1},{"picked":"Static Discharge","not_picked":["Steam Power","Chaos"],"floor":7},{"picked":"Loop","not_picked":["Conserve Battery","Compile Driver"],"floor":10},{"picked":"Auto Shields","not_picked":["Streamline","Ball Lightning"],"floor":11},{"picked":"Lockon","not_picked":["Self Repair","Cold Snap"],"floor":13},{"picked":"Machine Learning","not_picked":["Barrage","Doom and Gloom"],"floor":14},{"picked":"Electrodynamics","not_picked":["Creative AI","Echo Form"],"floor":16},{"picked":"White Noise","not_picked":["Ball Lightning","Chill"],"floor":18},{"picked":"SKIP","not_picked":["Sweeping Beam","Steam","Beam Cell"],"floor":20},{"picked":"Self Repair","not_picked":["Steam","Double Energy"],"floor":21},{"picked":"Static Discharge+1","not_picked":["Recycle","Loop"],"floor":23},{"picked":"White Noise","not_picked":["Conserve Battery","Leap"],"floor":24},{"picked":"Conserve Battery+1","not_picked":["Turbo","Fission"],"floor":29},{"picked":"SKIP","not_picked":["Redo","Stack+1","Gash"],"floor":31},{"picked":"BootSequence+1","not_picked":["Beam Cell","Recycle"],"floor":32},{"picked":"Echo Form","not_picked":["Reboot","Seek"],"floor":33},{"picked":"White Noise+1","not_picked":["Cold Snap","Recycle+1"],"floor":35},{"picked":"Consume+1","not_picked":["Melter+1","Beam Cell+1"],"floor":36},{"picked":"BootSequence+1","not_picked":["Stack","Ball Lightning"],"floor":38},{"picked":"Force Field","not_picked":["Chill","Loop"],"floor":40},{"picked":"SKIP","not_picked":["Compile Driver","FTL+1","Force Field+1"],"floor":42},{"picked":"SKIP","not_picked":["Doom and Gloom","Rip and Tear","Chill"],"floor":46},{"picked":"SKIP","not_picked":["Stack+1","Coolheaded+1","Leap"],"floor":48}],"event_choices":[{"event_name":"Shining Light","player_choice":"Entered Light","floor":3,"cards_obtained":null,"cards_removed":null,"cards_transformed":null,"cards_upgraded":["Strike_B","Defend_B"],"relics_obtained":null,"potions_obtained":null,"relics_lost":null,"damage_taken":15,"damage_healed":0,"max_hp_loss":0,"max_hp_gain":0,"gold_gain":0,"gold_loss":0},{"event_name":"Bonfire Elementals","player_choice":"Offered Curse","floor":5,"cards_obtained":null,"cards_removed":["Writhe"],"cards_transformed":null,"cards_upgraded":null,"relics_obtained":["Spirit Poop"],"potions_obtained":null,"relics_lost":null,"damage_taken":0,"damage_healed":0,"max_hp_loss":0,"max_hp_gain":0,"gold_gain":0,"gold_loss":0},{"event_name":"Designer","player_choice":"Punched","floor":19,"cards_obtained":null,"cards_removed":null,"cards_transformed":null,"cards_upgraded":null,"relics_obtained":null,"potions_obtained":null,"relics_lost":null,"damage_taken":3,"damage_healed":0,"max_hp_loss":0,"max_hp_gain":0,"gold_gain":0,"gold_loss":0},{"event_name":"Lab","player_choice":"Got Potions","floor":22,"cards_obtained":null,"cards_removed":null,"cards_transformed":null,"cards_upgraded":null,"relics_obtained":null,"potions_obtained":null,"relics_lost":null,"damage_taken":0,"damage_healed":0,"max_hp_loss":0,"max_hp_gain":0,"gold_gain":0,"gold_loss":0},{"event_name":"Ghosts","player_choice":"Ignored","floor":27,"cards_obtained":null,"cards_removed":null,"cards_transformed":null,"cards_upgraded":null,"relics_obtained":null,"potions_obtained":null,"relics_lost":null,"damage_taken":0,"damage_healed":0,"max_hp_loss":0,"max_hp_gain":0,"gold_gain":0,"gold_loss":0},{"event_name":"The Moai Head","player_choice":"Heal","floor":39,"cards_obtained":null,"cards_removed":null,"cards_transformed":null,"cards_upgraded":null,"relics_obtained":null,"potions_obtained":null,"relics_lost":null,"damage_taken":0,"damage_healed":70,"max_hp_loss":10,"max_hp_gain":0,"gold_gain":0,"gold_loss":0},{"event_name":"Mysterious Sphere","player_choice":"Fight","floor":41,"cards_obtained":null,"cards_removed":null,"cards_transformed":null,"cards_upgraded":null,"relics_obtained":null,"potions_obtained":null,"relics_lost":null,"damage_taken":0,"damage_healed":0,"max_hp_loss":0,"max_hp_gain":0,"gold_gain":0,"gold_loss":0},{"event_name":"SecretPortal","player_choice":"Ignored","floor":44,"cards_obtained":null,"cards_removed":null,"cards_transformed":null,"cards_upgraded":null,"relics_obtained":null,"potions_obtained":null,"relics_lost":null,"damage_taken":0,"damage_healed":0,"max_hp_loss":0,"max_hp_gain":0,"gold_gain":0,"gold_loss":0}],"boss_relics":[{"picked":"Fusion Hammer","not_picked":["Philosopher's Stone","Runic Pyramid"]},{"picked":"Empty Cage","not_picked":["Snecko Eye","Sozu"]}],"damage_taken":[{"floor":1,"enemies":"2 Louse","damage":3,"turns":2},{"floor":7,"enemies":"Gremlin Nob","damage":16,"turns":4},{"floor":10,"enemies":"Small Slimes","damage":1,"turns":2},{"floor":11,"enemies":"Cultist","damage":1,"turns":3},{"floor":13,"enemies":"Large Slime","damage":0,"turns":5},{"floor":14,"enemies":"3 Sentries","damage":12,"turns":6},{"floor":16,"enemies":"Hexaghost","damage":26,"turns":6},{"floor":18,"enemies":"Spheric Guardian","damage":2,"turns":4},{"floor":20,"enemies":"Chosen","damage":6,"turns":4},{"floor":21,"enemies":"3 Cultists","damage":6,"turns":3},{"floor":23,"enemies":"Book of Stabbing","damage":22,"turns":4},{"floor":24,"enemies":"Cultist and Chosen","damage":7,"turns":4},{"floor":29,"enemies":"Slavers","damage":27,"turns":4},{"floor":31,"enemies":"Book of Stabbing","damage":10,"turns":3},{"floor":33,"enemies":"Automaton","damage":30,"turns":5},{"floor":35,"enemies":"Orb Walker","damage":0,"turns":4},{"floor":36,"enemies":"3 Darklings","damage":30,"turns":3},{"floor":38,"enemies":"Jaw Worm Horde","damage":37,"turns":3},{"floor":40,"enemies":"Reptomancer","damage":15,"turns":5},{"floor":41,"enemies":"2 Orb Walkers","damage":36,"turns":3},{"floor":42,"enemies":"Nemesis","damage":24,"turns":8},{"floor":46,"enemies":"Sphere and 2 Shapes","damage":15,"turns":4},{"floor":48,"enemies":"Maw","damage":35,"turns":6},{"floor":50,"enemies":"Time Eater","damage":42,"turns":5}],"potions_obtained":[{"key":"LiquidMemories","floor":7},{"key":"Weak Potion","floor":10},{"key":"FearPotion","floor":11},{"key":"Fruit Juice","floor":22},{"key":"EntropicBrew","floor":22},{"key":"DuplicationPotion","floor":22},{"key":"Dexterity Potion","floor":23},{"key":"Block Potion","floor":29},{"key":"Swift Potion","floor":31},{"key":"Dexterity Potion","floor":33},{"key":"DistilledChaos","floor":36},{"key":"Swift Potion","floor":40},{"key":"Swift Potion","floor":41},{"key":"SkillPotion","floor":42},{"key":"Explosive Potion","floor":46},{"key":"LiquidMemories","floor":48}],"relics_obtained":[{"key":"Blood Vial","floor":7},{"key":"Dream Catcher","floor":9},{"key":"Bag of Marbles","floor":14},{"key":"Happy Flower","floor":23},{"key":"White Beast Statue","floor":25},{"key":"The Courier","floor":26},{"key":"Pen Nib","floor":29},{"key":"Mercury Hourglass","floor":31},{"key":"Centennial Puzzle","floor":40},{"key":"Girya","floor":41},{"key":"Meat on the Bone","floor":42}],"campfire_choices":[{"floor":6,"key":"REST"},{"floor":8,"key":"SMITH","data":"Static Discharge"},{"floor":15,"key":"REST"},{"floor":28,"key":"RECALL"},{"floor":32,"key":"REST"},{"floor":45,"key":"REST"},{"floor":47,"key":"REST"},{"floor":49,"key":"REST"}],"circlet_count":0,"win_rate":0,"killed_by":null}