{"play_id":"ad69980e-9d4a-4dba-ac9a-31d87a4e3a90","build_version":"2020-01-27","seed_played":"-2043878051961222956","chose_seed":false,"seed_source_timestamp":0,"is_daily":false,"special_seed":0,"is_trial":false,"is_endless":false,"is_ascension_mode":true,"ascension_level":1,"neow_bonus":"TEN_PERCENT_HP_BONUS","neow_cost":"NONE","is_beta":false,"is_prod":false,"victory":true,"floor_reached":51,"score":863,"timestamp":1728126046,"local_time":"10/05/2024 11:00:46","playtime":3379,"player_experience":68546,"master_deck":["Strike_B","Strike_B","Defend_B","Defend_B","Defend_B","Defend_B","Zap","Dualcast","Redo","Darkness","Rebound","Leap","Lockon+1","Double Energy+1","Static Discharge+1","Core Surge","Conserve Battery+1","Storm","Chill+1","BootSequence","Buffer+1","Doom and Gloom","Beam Cell","Lockon+1","Sweeping Beam+1","Leap+1","Glacier","Defragment+1","Sunder+1","Redo+1"],"relics":["Cracked Core","Pantograph","Bag of Preparation","Bronze Scales","Oddly Smooth Stone","Toolbox","Runic Pyramid","Bag of Marbles","Smiling Mask","Pear","Orichalcum","Prayer Wheel","Busted Crown","Juzu Bracelet","Bottled Flame","Omamori"],"gold":569,"campfire_rested":5,"campfire_upgraded":3,"purchased_purges":0,"potions_floor_spawned":[4,7,8,19,25,27,29,35,37,45,48],"potions_floor_usage":[30,33,33,37,38,45,47,50,50,50],"current_hp_per_floor":[81,86,86,85,77,43,38,26,26,52,52,40,40,40,66,48,87,65,55,55,55,55,33,59,31,41,19,29,20,8,8,37,30,97,78,73,50,50,50,79,79,79,79,79,79,79,79,66,66,45],"max_hp_per_floor":[82,87,87,87,87,87,87,87,87,87,87,87,87,87,87,87,87,87,87,87,87,87,87,87,87,97,97,97,97,97,97,97,97,97,97,97,97,97,97,97,97,97,97,97,97,97,97,97,97,97],"gold_per_floor":[112,112,112,123,142,168,188,218,245,245,245,258,258,33,33,128,128,147,159,159,84,84,116,116,145,219,235,260,270,305,305,305,401,401,419,431,443,461,474,474,492,492,492,492,521,532,542,569,569,569],"path_per_floor":["M","?","?","M","M","E","M","E","T","R","?","M","R","$","R","B","ul","M","M","?","?","?","E","R","E","T","M","E","M","E","?","R","B",null,"M","M","M","M","M","R","M","?","T","R","E","M","M","E","R","B",null],"path_taken":["M","?","?","M","?","E","M","E","T","R","?","M","R","$","R","BOSS","M","?","?","?","?","E","R","E","T","M","E","M","E","?","R","BOSS","M","?","M","M","M","R","M","?","T","R","E","M","M","E","R","BOSS"],"items_purchased":["Static Discharge","Toolbox"],"item_purchase_floors":[14,14],"items_purged":[],"items_purged_floors":[],"character_chosen":"DEFECT","card_choices":[{"picked":"Redo","not_picked":["Rebound","Go for the Eyes"],"floor":1},{"picked":"Darkness","not_picked":["Stack","Leap"],"floor":4},{"picked":"Rebound","not_picked":["Go for the Eyes","Hologram"],"floor":5},{"picked":"Amplify","not_picked":["Biased Cognition","Self Repair"],"floor":6},{"picked":"Leap","not_picked":["Steam","Hologram"],"floor":7},{"picked":"Lockon","not_picked":["Scrape","Leap"],"floor":8},{"picked":"Double Energy","not_picked":["Hello World","Coolheaded"],"floor":12},{"picked":"Core Surge","not_picked":["Reboot","Thunder Strike"],"floor":16},{"picked":"Conserve Battery+1","not_picked":["Steam","Genetic Algorithm+1"],"floor":18},{"picked":"SKIP","not_picked":["Compile Driver","Double Energy","Go for the Eyes"],"floor":19},{"picked":"Storm","not_picked":["Reprogram","Barrage+1"],"floor":23},{"picked":"SKIP","not_picked":["Barrage+1","Gash","Static Discharge"],"floor":25},{"picked":"Chill+1","not_picked":["Turbo","FTL"],"floor":27},{"picked":"SKIP","not_picked":["Steam Power","Turbo+1","Conserve Battery"],"floor":28},{"picked":"BootSequence","not_picked":["Rebound+1","Ball Lightning+1"],"floor":29},{"picked":"Buffer","not_picked":["Ball Lightning","Cold Snap"],"floor":30},{"picked":"Doom and Gloom","not_picked":[],"floor":35},{"picked":"Beam Cell","not_picked":[],"floor":35},{"picked":"Lockon+1","not_picked":[],"floor":36},{"picked":"SKIP","not_picked":["Steam+1"],"floor":36},{"picked":"Sweeping Beam+1","not_picked":[],"floor":37},{"picked":"SKIP","not_picked":["Steam+1"],"floor":37},{"picked":"Leap+1","not_picked":[],"floor":38},{"picked":"Glacier","not_picked":[],"floor":38},{"picked":"Defragment+1","not_picked":[],"floor":39},{"picked":"SKIP","not_picked":["Go for the Eyes+1"],"floor":39},{"picked":"Sunder+1","not_picked":[],"floor":41},{"picked":"SKIP","not_picked":["Go for the Eyes"],"floor":41},{"picked":"SKIP","not_picked":["Beam Cell+1"],"floor":45},{"picked":"SKIP","not_picked":["Genetic Algorithm+1"],"floor":46},{"picked":"SKIP","not_picked":["Biased Cognition"],"floor":46},{"picked":"SKIP","not_picked":["Redo"],"floor":47},{"picked":"SKIP","not_picked":["Rebound"],"floor":47},{"picked":"Redo+1","not_picked":[],"floor":48}],"event_choices":[{"event_name":"Big Fish","player_choice":"Donut","floor":2,"cards_obtained":null,"cards_removed":null,"cards_transformed":null,"cards_upgraded":null,"relics_obtained":null,"potions_obtained":null,"relics_lost":null,"damage_taken":0,"damage_healed":0,"max_hp_loss":0,"max_hp_gain":5,"gold_gain":0,"gold_loss":0},{"event_name":"Wheel of Change","player_choice":"Relic","floor":3,"cards_obtained":null,"cards_removed":null,"cards_transformed":null,"cards_upgraded":null,"relics_obtained":null,"potions_obtained":null,"relics_lost":null,"damage_taken":0,"damage_healed":0,"max_hp_loss":0,"max_hp_gain":0,"gold_gain":0,"gold_loss":0},{"event_name":"Accursed Blacksmith","player_choice":"Forge","floor":11,"cards_obtained":null,"cards_removed":null,"cards_transformed":null,"cards_upgraded":["Lockon"],"relics_obtained":null,"potions_obtained":null,"relics_lost":null,"damage_taken":0,"damage_healed":0,"max_hp_loss":0,"max_hp_gain":0,"gold_gain":0,"gold_loss":0},{"event_name":"Ghosts","player_choice":"Ignored","floor":20,"cards_obtained":null,"cards_removed":null,"cards_transformed":null,"cards_upgraded":null,"relics_obtained":null,"potions_obtained":null,"relics_lost":null,"damage_taken":0,"damage_healed":0,"max_hp_loss":0,"max_hp_gain":0,"gold_gain":0,"gold_loss":0},{"event_name":"Beggar","player_choice":"Gave Gold","floor":21,"cards_obtained":null,"cards_removed":["Strike_B"],"cards_transformed":null,"cards_upgraded":null,"relics_obtained":null,"potions_obtained":null,"relics_lost":null,"damage_taken":0,"damage_healed":0,"max_hp_loss":0,"max_hp_gain":0,"gold_gain":0,"gold_loss":75},{"event_name":"Back to Basics","player_choice":"Elegance","floor":22,"cards_obtained":null,"cards_removed":["Strike_B"],"cards_transformed":null,"cards_upgraded":null,"relics_obtained":null,"potions_obtained":null,"relics_lost":null,"damage_taken":0,"damage_healed":0,"max_hp_loss":0,"max_hp_gain":0,"gold_gain":0,"gold_loss":0},{"event_name":"Wheel of Change","player_choice":"Card Removal","floor":31,"cards_obtained":null,"cards_removed":["Amplify"],"cards_transformed":null,"cards_upgraded":null,"relics_obtained":null,"potions_obtained":null,"relics_lost":null,"damage_taken":0,"damage_healed":0,"max_hp_loss":0,"max_hp_gain":0,"gold_gain":0,"gold_loss":0},{"event_name":"Lab","player_choice":"Got Potions","floor":42,"cards_obtained":null,"cards_removed":null,"cards_transformed":null,"cards_upgraded":null,"relics_obtained":null,"potions_obtained":null,"relics_lost":null,"damage_taken":0,"damage_healed":0,"max_hp_loss":0,"max_hp_gain":0,"gold_gain":0,"gold_loss":0}],"boss_relics":[{"picked":"Runic Pyramid","not_picked":["Tiny House","Snecko Eye"]},{"picked":"Busted Crown","not_picked":["Astrolabe","FrozenCore"]}],"damage_taken":[{"floor":1,"enemies":"2 Louse","damage":1,"turns":2},{"floor":4,"enemies":"Cultist","damage":1,"turns":3},{"floor":5,"enemies":"Jaw Worm","damage":8,"turns":3},{"floor":6,"enemies":"3 Sentries","damage":34,"turns":6},{"floor":7,"enemies":"Looter","damage":5,"turns":3},{"floor":8,"enemies":"Lagavulin","damage":12,"turns":7},{"floor":12,"enemies":"2 Fungi Beasts","damage":12,"turns":3},{"floor":16,"enemies":"The Guardian","damage":39,"turns":8},{"floor":18,"enemies":"2 Thieves","damage":22,"turns":3},{"floor":19,"enemies":"3 Byrds","damage":10,"turns":2},{"floor":23,"enemies":"Book of Stabbing","damage":22,"turns":5},{"floor":25,"enemies":"Slavers","damage":28,"turns":4},{"floor":27,"enemies":"Shelled Parasite and Fungi","damage":22,"turns":4},{"floor":28,"enemies":"Gremlin Leader","damage":24,"turns":5},{"floor":29,"enemies":"Sentry and Sphere","damage":9,"turns":4},{"floor":30,"enemies":"Slavers","damage":12,"turns":5},{"floor":33,"enemies":"Collector","damage":32,"turns":9},{"floor":35,"enemies":"3 Darklings","damage":19,"turns":5},{"floor":36,"enemies":"Orb Walker","damage":5,"turns":2},{"floor":37,"enemies":"3 Darklings","damage":23,"turns":3},{"floor":38,"enemies":"Transient","damage":0,"turns":5},{"floor":39,"enemies":"Sphere and 2 Shapes","damage":0,"turns":3},{"floor":41,"enemies":"Spire Growth","damage":0,"turns":5},{"floor":45,"enemies":"Reptomancer","damage":0,"turns":6},{"floor":46,"enemies":"Maw","damage":0,"turns":7},{"floor":47,"enemies":"3 Darklings","damage":0,"turns":5},{"floor":48,"enemies":"Giant Head","damage":13,"turns":8},{"floor":50,"enemies":"Awakened One","damage":46,"turns":11}],"potions_obtained":[{"key":"EssenceOfSteel","floor":4},{"key":"PowerPotion","floor":7},{"key":"FairyPotion","floor":8},{"key":"SpeedPotion","floor":19},{"key":"Ancient Potion","floor":25},{"key":"GamblersBrew","floor":27},{"key":"Strength Potion","floor":29},{"key":"ColorlessPotion","floor":35},{"key":"DistilledChaos","floor":37},{"key":"FearPotion","floor":42},{"key":"Regen Potion","floor":42},{"key":"Ancient Potion","floor":42},{"key":"Weak Potion","floor":45},{"key":"SteroidPotion","floor":48}],"relics_obtained":[{"key":"Pantograph","floor":3},{"key":"Bag of Preparation","floor":6},{"key":"Bronze Scales","floor":8},{"key":"Oddly Smooth Stone","floor":9},{"key":"Bag of Marbles","floor":23},{"key":"Smiling Mask","floor":25},{"key":"Pear","floor":26},{"key":"Orichalcum","floor":28},{"key":"Prayer Wheel","floor":30},{"key":"Juzu Bracelet","floor":43},{"key":"Bottled Flame","floor":45},{"key":"Omamori","floor":48}],"campfire_choices":[{"floor":10,"key":"REST"},{"floor":13,"key":"SMITH","data":"Double Energy"},{"floor":15,"key":"REST"},{"floor":24,"key":"REST"},{"floor":32,"key":"REST"},{"floor":40,"key":"REST"},{"floor":44,"key":"SMITH","data":"Buffer"},{"floor":49,"key":"SMITH","data":"Static Discharge"}],"circlet_count":0,"win_rate":0,"killed_by":null}