{"play_id":"16b4ab58-a063-42df-8743-f48900189afd","build_version":"2020-01-27","seed_played":"5590001647749308055","chose_seed":false,"seed_source_timestamp":6218281784360,"is_daily":false,"special_seed":null,"is_trial":false,"is_endless":false,"is_ascension_mode":true,"ascension_level":3,"neow_bonus":"THREE_ENEMY_KILL","neow_cost":"NONE","is_beta":false,"is_prod":false,"victory":false,"floor_reached":16,"score":133,"timestamp":1728847795,"local_time":"10/13/2024 19:29:55","playtime":549,"player_experience":77023,"master_deck":["Strike_B","Strike_B","Strike_B","Strike_B","Defend_B","Defend_B","Defend_B","Defend_B","Zap","Dualcast","Streamline","Sweeping Beam","Redo","Undo","Conserve Battery","Capacitor","Leap","Beam Cell","Sunder"],"relics":["Cracked Core","NeowsBlessing","Golden Idol","Blood Vial","Bronze Scales","Omamori","Dream Catcher","Odd Mushroom","Old Coin"],"gold":481,"campfire_rested":3,"campfire_upgraded":0,"purchased_purges":0,"potions_floor_spawned":[1,2,4],"potions_floor_usage":[6,8,8],"current_hp_per_floor":[75,75,75,75,57,37,59,36,36,58,58,47,35,8,30,0],"max_hp_per_floor":[75,75,75,75,75,75,75,75,75,75,75,75,75,75,75,75],"gold_per_floor":[115,128,128,148,148,184,184,217,241,241,44,119,147,481,481,481],"path_per_floor":["M","M","?","M","?","E","R","E","T","R","$","?","?","E","R","B"],"path_taken":["M","M","?","M","?","E","R","E","T","R","$","?","?","E","R","BOSS"],"items_purchased":["Capacitor","Dream Catcher"],"item_purchase_floors":[11,11],"items_purged":[],"items_purged_floors":[],"character_chosen":"DEFECT","card_choices":[{"picked":"Streamline","not_picked":["Steam Power","Sweeping Beam"],"floor":1},{"picked":"Sweeping Beam","not_picked":["Turbo","Consume"],"floor":2},{"picked":"Redo","not_picked":["Ball Lightning","Gash"],"floor":4},{"picked":"Undo","not_picked":["Sweeping Beam","Chill"],"floor":6},{"picked":"Conserve Battery","not_picked":["Sweeping Beam","Hologram"],"floor":8},{"picked":"Leap","not_picked":["Blizzard","Sweeping Beam"],"floor":13},{"picked":"Beam Cell","not_picked":["Steam","Sweeping Beam"],"floor":14},{"picked":"Sunder","not_picked":["Force Field","Recycle"],"floor":15}],"event_choices":[{"event_name":"The Cleric","player_choice":"Leave","floor":3,"cards_obtained":null,"cards_removed":null,"cards_transformed":null,"cards_upgraded":null,"relics_obtained":null,"potions_obtained":null,"relics_lost":null,"damage_taken":0,"damage_healed":0,"max_hp_loss":0,"max_hp_gain":0,"gold_gain":0,"gold_loss":0},{"event_name":"Golden Idol","player_choice":"Take Damage","floor":5,"cards_obtained":null,"cards_removed":null,"cards_transformed":null,"cards_upgraded":null,"relics_obtained":["Golden Idol"],"potions_obtained":null,"relics_lost":null,"damage_taken":18,"damage_healed":0,"max_hp_loss":0,"max_hp_gain":0,"gold_gain":0,"gold_loss":0},{"event_name":"World of Goop","player_choice":"Gather Gold","floor":12,"cards_obtained":null,"cards_removed":null,"cards_transformed":null,"cards_upgraded":null,"relics_obtained":null,"potions_obtained":null,"relics_lost":null,"damage_taken":11,"damage_healed":0,"max_hp_loss":0,"max_hp_gain":0,"gold_gain":75,"gold_loss":0},{"event_name":"Mushrooms","player_choice":"Fought Mushrooms","floor":13,"cards_obtained":null,"cards_removed":null,"cards_transformed":null,"cards_upgraded":null,"relics_obtained":null,"potions_obtained":null,"relics_lost":null,"damage_taken":0,"damage_healed":0,"max_hp_loss":0,"max_hp_gain":0,"gold_gain":0,"gold_loss":0}],"boss_relics":[],"damage_taken":[{"floor":1,"enemies":"Cultist","damage":0,"turns":1},{"floor":2,"enemies":"Jaw Worm","damage":0,"turns":1},{"floor":4,"enemies":"2 Louse","damage":0,"turns":1},{"floor":6,"enemies":"Gremlin Nob","damage":20,"turns":3},{"floor":8,"enemies":"Lagavulin","damage":25,"turns":7},{"floor":13,"enemies":"The Mushroom Lair","damage":14,"turns":4},{"floor":14,"enemies":"3 Sentries","damage":29,"turns":5},{"floor":16,"enemies":"The Guardian","damage":33,"turns":9}],"potions_obtained":[{"key":"Weak Potion","floor":1},{"key":"Fire Potion","floor":2},{"key":"SpeedPotion","floor":4}],"relics_obtained":[{"key":"Blood Vial","floor":6},{"key":"Bronze Scales","floor":8},{"key":"Omamori","floor":9},{"key":"Odd Mushroom","floor":13},{"key":"Old Coin","floor":14}],"campfire_choices":[{"floor":7,"key":"REST"},{"floor":10,"key":"REST"},{"floor":15,"key":"REST"}],"circlet_count":0,"win_rate":0,"killed_by":"The Guardian"}