{"play_id":"46c46b4f-4758-42c7-b1a5-f639f4ca6ded","build_version":"2020-01-27","seed_played":"-2222308752837026406","chose_seed":false,"seed_source_timestamp":2533436177215,"is_daily":false,"special_seed":null,"is_trial":false,"is_endless":false,"is_ascension_mode":true,"ascension_level":4,"neow_bonus":"THREE_ENEMY_KILL","neow_cost":"NONE","is_beta":false,"is_prod":false,"victory":false,"floor_reached":29,"score":428,"timestamp":1735405616,"local_time":"12/28/2024 17:06:56","playtime":1148,"player_experience":127750,"master_deck":["Strike_B","Strike_B","Strike_B","Defend_B","Defend_B+1","Defend_B","Zap+1","Dualcast","Heatsinks","Defragment+1","Loop","Coolheaded","Streamline","Conserve Battery","Sweeping Beam","Glacier","BootSequence","Chill+1","Amplify","Leap","Streamline","Storm+1","Redo","Capacitor+1","Leap+1","Streamline+1"],"relics":["Cracked Core","NeowsBlessing","Happy Flower","Prayer Wheel","InkBottle","Bag of Preparation","Inserter","Blood Vial","Pen Nib","Orichalcum"],"gold":86,"campfire_rested":3,"campfire_upgraded":3,"purchased_purges":0,"potions_floor_spawned":[1,8,13,14,22],"potions_floor_usage":[16,16,18,24,24],"current_hp_per_floor":[75,68,68,53,53,53,53,53,53,48,48,70,70,55,55,55,75,75,75,75,75,57,57,24,46,46,68,24,0],"max_hp_per_floor":[75,75,75,75,75,75,75,75,75,75,75,75,75,75,75,75,75,75,75,75,75,75,75,75,75,75,75,75,75],"gold_per_floor":[112,112,74,74,38,64,64,97,97,114,64,64,74,109,109,213,213,229,229,22,0,18,18,51,51,76,76,86,86],"path_per_floor":["M","?","$","?","$","E","R","E","T","M","?","R","M","E","R","B",null,"M","?","$","?","M","R","E","R","T","R","M","E"],"path_taken":["M","?","$","?","?","E","R","E","T","M","?","R","M","E","R","BOSS","M","?","?","?","M","R","E","R","T","R","M","E"],"items_purchased":["Defragment","Loop","Blood Vial","Strength Potion"],"item_purchase_floors":[3,5,20,20],"items_purged":[],"items_purged_floors":[],"character_chosen":"DEFECT","card_choices":[{"picked":"Heatsinks","not_picked":["Chill","Compile Driver"],"floor":1},{"picked":"Coolheaded","not_picked":["Conserve Battery","Barrage"],"floor":6},{"picked":"Streamline","not_picked":["Turbo","Force Field"],"floor":8},{"picked":"Conserve Battery","not_picked":["Beam Cell","Hello World"],"floor":10},{"picked":"Sweeping Beam","not_picked":["Hologram","Aggregate"],"floor":10},{"picked":"Glacier","not_picked":["Defragment","Reinforced Body"],"floor":13},{"picked":"BootSequence","not_picked":["Machine Learning","Stack"],"floor":13},{"picked":"Chill","not_picked":["Gash","Streamline"],"floor":14},{"picked":"Amplify","not_picked":["Buffer","All For One"],"floor":16},{"picked":"Leap","not_picked":["Sweeping Beam","Coolheaded"],"floor":18},{"picked":"SKIP","not_picked":["Undo","Beam Cell","Go for the Eyes+1"],"floor":18},{"picked":"Storm","not_picked":["Recycle","Rebound"],"floor":22},{"picked":"Redo","not_picked":["Conserve Battery","Turbo"],"floor":22},{"picked":"Capacitor+1","not_picked":["Reprogram","Hologram"],"floor":24},{"picked":"Leap+1","not_picked":["Go for the Eyes","Rebound"],"floor":28},{"picked":"Streamline+1","not_picked":["Undo","Recycle"],"floor":28}],"event_choices":[{"event_name":"Golden Wing","player_choice":"Card Removal","floor":2,"cards_obtained":null,"cards_removed":["Strike_B"],"cards_transformed":null,"cards_upgraded":null,"relics_obtained":null,"potions_obtained":null,"relics_lost":null,"damage_taken":7,"damage_healed":0,"max_hp_loss":0,"max_hp_gain":0,"gold_gain":0,"gold_loss":0},{"event_name":"Shining Light","player_choice":"Entered Light","floor":4,"cards_obtained":null,"cards_removed":null,"cards_transformed":null,"cards_upgraded":["Zap","Defend_B"],"relics_obtained":null,"potions_obtained":null,"relics_lost":null,"damage_taken":15,"damage_healed":0,"max_hp_loss":0,"max_hp_gain":0,"gold_gain":0,"gold_loss":0},{"event_name":"The Cleric","player_choice":"Card Removal","floor":11,"cards_obtained":null,"cards_removed":["Defend_B"],"cards_transformed":null,"cards_upgraded":null,"relics_obtained":null,"potions_obtained":null,"relics_lost":null,"damage_taken":0,"damage_healed":0,"max_hp_loss":0,"max_hp_gain":0,"gold_gain":0,"gold_loss":50},{"event_name":"Match and Keep!","player_choice":"1 cards matched","floor":19,"cards_obtained":["Streamline"],"cards_removed":null,"cards_transformed":null,"cards_upgraded":null,"relics_obtained":null,"potions_obtained":null,"relics_lost":null,"damage_taken":0,"damage_healed":0,"max_hp_loss":0,"max_hp_gain":0,"gold_gain":0,"gold_loss":0},{"event_name":"Masked Bandits","player_choice":"Paid Fearfully","floor":21,"cards_obtained":null,"cards_removed":null,"cards_transformed":null,"cards_upgraded":null,"relics_obtained":null,"potions_obtained":null,"relics_lost":null,"damage_taken":0,"damage_healed":0,"max_hp_loss":0,"max_hp_gain":0,"gold_gain":0,"gold_loss":22}],"boss_relics":[{"picked":"Inserter","not_picked":["Fusion Hammer","Ectoplasm"]}],"damage_taken":[{"floor":1,"enemies":"Small Slimes","damage":0,"turns":1},{"floor":6,"enemies":"Lagavulin","damage":0,"turns":1},{"floor":8,"enemies":"3 Sentries","damage":0,"turns":1},{"floor":10,"enemies":"Jaw Worm","damage":5,"turns":2},{"floor":13,"enemies":"2 Louse","damage":0,"turns":2},{"floor":14,"enemies":"Gremlin Nob","damage":15,"turns":4},{"floor":16,"enemies":"Slime Boss","damage":0,"turns":8},{"floor":18,"enemies":"Chosen","damage":0,"turns":6},{"floor":22,"enemies":"2 Thieves","damage":18,"turns":5},{"floor":24,"enemies":"Gremlin Leader","damage":35,"turns":10},{"floor":28,"enemies":"3 Cultists","damage":46,"turns":7},{"floor":29,"enemies":"Book of Stabbing","damage":26,"turns":4}],"potions_obtained":[{"key":"FocusPotion","floor":1},{"key":"Fire Potion","floor":8},{"key":"SkillPotion","floor":13},{"key":"Block Potion","floor":22}],"relics_obtained":[{"key":"Happy Flower","floor":6},{"key":"Prayer Wheel","floor":8},{"key":"InkBottle","floor":9},{"key":"Bag of Preparation","floor":14},{"key":"Pen Nib","floor":24},{"key":"Orichalcum","floor":26}],"campfire_choices":[{"floor":7,"key":"SMITH","data":"Defragment"},{"floor":12,"key":"REST"},{"floor":15,"key":"SMITH","data":"Chill"},{"floor":23,"key":"SMITH","data":"Storm"},{"floor":25,"key":"REST"},{"floor":27,"key":"REST"}],"circlet_count":0,"win_rate":0,"killed_by":"Book of Stabbing"}