{"play_id":"3277d502-e110-4ee4-85cc-fc8548844109","build_version":"2020-01-27","seed_played":"-2082579780301358742","chose_seed":false,"seed_source_timestamp":2545036799621,"is_daily":false,"special_seed":null,"is_trial":false,"is_endless":false,"is_ascension_mode":true,"ascension_level":4,"neow_bonus":"ONE_RANDOM_RARE_CARD","neow_cost":"NONE","is_beta":false,"is_prod":false,"victory":true,"floor_reached":51,"score":938,"timestamp":1735408107,"local_time":"12/28/2024 17:48:27","playtime":2463,"player_experience":128898,"master_deck":["Strike_B+1","Defend_B","Defend_B","Zap","Dualcast","All For One","Beam Cell","Lockon","Gash+1","Gash","Static Discharge","Amplify+1","Hologram+1","Go for the Eyes","Chill+1","Multi-Cast+1","Electrodynamics","Tempest+1","Conserve Battery+1","Leap+1","Heatsinks","Redo+1","Core Surge","Defragment","Chill+1","Aggregate+1","Static Discharge","PanicButton+1","Heatsinks+1","Turbo+1"],"relics":["Cracked Core","Sling","Toxic Egg 2","Kunai","Orichalcum","Peace Pipe","Lantern","Fusion Hammer","Red Mask","Whetstone","White Beast Statue","Art of War","Bag of Preparation","Runic Pyramid","Singing Bowl","Darkstone Periapt","Omamori","Medical Kit","Toy Ornithopter"],"gold":106,"campfire_rested":10,"campfire_upgraded":0,"purchased_purges":1,"potions_floor_spawned":[2,3,11,22,24,27,30,31,33,35,37,38,39,41,45,48],"potions_floor_usage":[8,12,16,24,27,31,35,38,38,39,41,48,50],"current_hp_per_floor":[74,62,55,47,47,69,69,49,49,71,64,64,56,44,66,11,75,71,71,56,56,33,55,39,61,61,51,51,51,34,30,52,1,75,50,50,46,27,22,44,32,55,55,55,2,25,25,39,62,16],"max_hp_per_floor":[75,75,75,75,75,75,75,75,75,75,75,75,75,75,75,75,75,75,75,75,75,75,75,75,75,75,75,75,75,75,75,75,75,75,75,75,75,75,75,75,77,77,77,77,77,77,77,77,77,77],"gold_per_floor":[111,130,141,157,10,10,10,41,66,66,77,112,131,164,164,268,268,278,203,188,188,221,221,253,253,253,279,329,329,347,367,367,466,466,484,484,502,518,531,531,557,557,557,69,96,96,96,106,106,106],"path_per_floor":["M","M","M","M","$","R","T","E","T","R","M","E","M","E","R","B",null,"M","?","M","?","?","R","E","R","T","E","T","R","M","M","R","B",null,"M","?","M","M","M","R","E","R","T","$","E","R","?","M","R","B",null],"path_taken":["M","M","M","M","?","R","?","E","T","R","M","E","M","E","R","BOSS","M","?","M","?","?","R","E","R","T","E","?","R","M","?","R","BOSS","M","?","M","?","M","R","E","R","T","$","E","R","?","M","R","BOSS"],"items_purchased":["Sling","Static Discharge","Omamori","Medical Kit","PanicButton+1"],"item_purchase_floors":[5,44,44,44,44],"items_purged":["Strike_B"],"items_purged_floors":[44],"character_chosen":"DEFECT","card_choices":[{"picked":"Beam Cell","not_picked":["Stack","Conserve Battery"],"floor":1},{"picked":"Lockon","not_picked":["Cold Snap","Chill"],"floor":2},{"picked":"Gash","not_picked":["Steam","Streamline"],"floor":3},{"picked":"Gash","not_picked":["Beam Cell","Conserve Battery"],"floor":4},{"picked":"Static Discharge","not_picked":["Steam+1","Beam Cell"],"floor":8},{"picked":"Amplify+1","not_picked":["Conserve Battery+1","Steam Power+1"],"floor":11},{"picked":"Hologram+1","not_picked":["Cold Snap","Biased Cognition"],"floor":12},{"picked":"Go for the Eyes","not_picked":["Hello World","Hologram+1"],"floor":13},{"picked":"Chill+1","not_picked":["Turbo+1","Coolheaded+1"],"floor":14},{"picked":"Multi-Cast+1","not_picked":["Reboot+1","Buffer"],"floor":16},{"picked":"SKIP","not_picked":["Self Repair","Beam Cell","Barrage"],"floor":18},{"picked":"Electrodynamics","not_picked":["Sweeping Beam","Stack+1"],"floor":20},{"picked":"Tempest+1","not_picked":["Lockon","Chill+1"],"floor":22},{"picked":"Conserve Battery+1","not_picked":["Streamline+1","Lockon"],"floor":24},{"picked":"Leap+1","not_picked":["Self Repair","Double Energy+1"],"floor":27},{"picked":"Heatsinks","not_picked":["Streamline+1","Stack+1"],"floor":30},{"picked":"Redo+1","not_picked":["Rip and Tear+1","Cold Snap"],"floor":31},{"picked":"Core Surge","not_picked":["All For One","Electrodynamics"],"floor":33},{"picked":"Defragment","not_picked":["Steam+1","Compile Driver+1"],"floor":35},{"picked":"Chill+1","not_picked":["Ball Lightning","Melter"],"floor":37},{"picked":"SKIP","not_picked":["Hologram+1","Coolheaded+1","Rebound+1"],"floor":38},{"picked":"Aggregate+1","not_picked":["Rebound","Capacitor+1"],"floor":39},{"picked":"Singing Bowl","not_picked":["Steam+1","Rip and Tear+1","Biased Cognition"],"floor":41},{"picked":"Heatsinks+1","not_picked":["Gash+1","Streamline"],"floor":45},{"picked":"Turbo+1","not_picked":["Steam+1","Conserve Battery+1"],"floor":48}],"event_choices":[{"event_name":"Beggar","player_choice":"Gave Gold","floor":19,"cards_obtained":null,"cards_removed":["Defend_B"],"cards_transformed":null,"cards_upgraded":null,"relics_obtained":null,"potions_obtained":null,"relics_lost":null,"damage_taken":0,"damage_healed":0,"max_hp_loss":0,"max_hp_gain":0,"gold_gain":0,"gold_loss":75},{"event_name":"Back to Basics","player_choice":"Elegance","floor":21,"cards_obtained":null,"cards_removed":["Strike_B"],"cards_transformed":null,"cards_upgraded":null,"relics_obtained":null,"potions_obtained":null,"relics_lost":null,"damage_taken":0,"damage_healed":0,"max_hp_loss":0,"max_hp_gain":0,"gold_gain":0,"gold_loss":0},{"event_name":"Masked Bandits","player_choice":"Fought Bandits","floor":22,"cards_obtained":null,"cards_removed":null,"cards_transformed":null,"cards_upgraded":null,"relics_obtained":null,"potions_obtained":null,"relics_lost":null,"damage_taken":0,"damage_healed":0,"max_hp_loss":0,"max_hp_gain":0,"gold_gain":0,"gold_loss":0},{"event_name":"Purifier","player_choice":"Purged","floor":36,"cards_obtained":null,"cards_removed":["Strike_B"],"cards_transformed":null,"cards_upgraded":null,"relics_obtained":null,"potions_obtained":null,"relics_lost":null,"damage_taken":0,"damage_healed":0,"max_hp_loss":0,"max_hp_gain":0,"gold_gain":0,"gold_loss":0},{"event_name":"Mysterious Sphere","player_choice":"Ignored","floor":47,"cards_obtained":null,"cards_removed":null,"cards_transformed":null,"cards_upgraded":null,"relics_obtained":null,"potions_obtained":null,"relics_lost":null,"damage_taken":0,"damage_healed":0,"max_hp_loss":0,"max_hp_gain":0,"gold_gain":0,"gold_loss":0}],"boss_relics":[{"picked":"Fusion Hammer","not_picked":["SacredBark","Inserter"]},{"picked":"Runic Pyramid","not_picked":["Velvet Choker","Runic Dome"]}],"damage_taken":[{"floor":1,"enemies":"Cultist","damage":1,"turns":3},{"floor":2,"enemies":"Jaw Worm","damage":12,"turns":2},{"floor":3,"enemies":"2 Louse","damage":7,"turns":2},{"floor":4,"enemies":"Large Slime","damage":8,"turns":3},{"floor":8,"enemies":"3 Sentries","damage":20,"turns":5},{"floor":11,"enemies":"Blue Slaver","damage":7,"turns":2},{"floor":12,"enemies":"Gremlin Nob","damage":0,"turns":2},{"floor":13,"enemies":"Exordium Wildlife","damage":8,"turns":3},{"floor":14,"enemies":"3 Sentries","damage":12,"turns":5},{"floor":16,"enemies":"The Guardian","damage":55,"turns":9},{"floor":18,"enemies":"Spheric Guardian","damage":4,"turns":3},{"floor":20,"enemies":"2 Thieves","damage":15,"turns":4},{"floor":22,"enemies":"Masked Bandits","damage":23,"turns":4},{"floor":24,"enemies":"Slavers","damage":16,"turns":4},{"floor":27,"enemies":"Gremlin Leader","damage":10,"turns":5},{"floor":30,"enemies":"Centurion and Healer","damage":17,"turns":4},{"floor":31,"enemies":"Snake Plant","damage":4,"turns":3},{"floor":33,"enemies":"Champ","damage":51,"turns":7},{"floor":35,"enemies":"3 Darklings","damage":25,"turns":3},{"floor":37,"enemies":"Orb Walker","damage":4,"turns":2},{"floor":38,"enemies":"Transient","damage":19,"turns":5},{"floor":39,"enemies":"Maw","damage":28,"turns":7},{"floor":41,"enemies":"Nemesis","damage":14,"turns":7},{"floor":45,"enemies":"Reptomancer","damage":53,"turns":6},{"floor":48,"enemies":"Sphere and 2 Shapes","damage":0,"turns":3},{"floor":50,"enemies":"Donu and Deca","damage":51,"turns":6}],"potions_obtained":[{"key":"SneckoOil","floor":2},{"key":"AttackPotion","floor":3},{"key":"Explosive Potion","floor":11},{"key":"Energy Potion","floor":22},{"key":"SpeedPotion","floor":24},{"key":"PowerPotion","floor":27},{"key":"Energy Potion","floor":30},{"key":"FairyPotion","floor":31},{"key":"Block Potion","floor":33},{"key":"Energy Potion","floor":35},{"key":"BlessingOfTheForge","floor":37},{"key":"SneckoOil","floor":38},{"key":"DistilledChaos","floor":39},{"key":"SteroidPotion","floor":41},{"key":"Regen Potion","floor":45},{"key":"Strength Potion","floor":48}],"relics_obtained":[{"key":"Toxic Egg 2","floor":7},{"key":"Kunai","floor":8},{"key":"Orichalcum","floor":9},{"key":"Peace Pipe","floor":12},{"key":"Lantern","floor":14},{"key":"Red Mask","floor":22},{"key":"Whetstone","floor":24},{"key":"White Beast Statue","floor":26},{"key":"Art of War","floor":27},{"key":"Bag of Preparation","floor":28},{"key":"Singing Bowl","floor":41},{"key":"Darkstone Periapt","floor":43},{"key":"Toy Ornithopter","floor":45}],"campfire_choices":[{"floor":6,"key":"REST"},{"floor":10,"key":"REST"},{"floor":15,"key":"REST"},{"floor":23,"key":"REST"},{"floor":25,"key":"REST"},{"floor":29,"key":"PURGE","data":"Defend_B"},{"floor":32,"key":"REST"},{"floor":40,"key":"REST"},{"floor":42,"key":"REST"},{"floor":46,"key":"REST"},{"floor":49,"key":"REST"}],"circlet_count":0,"win_rate":0,"killed_by":null}