{"play_id":"3072b2c5-b964-44d2-b318-1573738bcd3f","build_version":"2020-01-27","seed_played":"3495014720633902593","chose_seed":false,"seed_source_timestamp":1686657918927,"is_daily":false,"special_seed":null,"is_trial":false,"is_endless":false,"is_ascension_mode":true,"ascension_level":5,"neow_bonus":"TRANSFORM_TWO_CARDS","neow_cost":"TEN_PERCENT_HP_LOSS","is_beta":false,"is_prod":false,"victory":false,"floor_reached":7,"score":61,"timestamp":1758961286,"local_time":"09/27/2025 08:21:26","playtime":202,"player_experience":141588,"master_deck":["Strike_B","Strike_B","Defend_B","Defend_B","Defend_B","Zap","Dualcast","Coolheaded","Recycle","Cold Snap","Storm"],"relics":["Cracked Core","Bottled Tornado"],"gold":230,"campfire_rested":0,"campfire_upgraded":0,"purchased_purges":0,"potions_floor_spawned":[3],"potions_floor_usage":[],"current_hp_per_floor":[68,73,73,62,62,4,0],"max_hp_per_floor":[68,73,73,73,73,73,73],"gold_per_floor":[111,111,125,200,200,230,230],"path_per_floor":["M","?","M","?","?","E","?"],"path_taken":["M","?","M","?","?","E","?"],"items_purchased":[],"item_purchase_floors":[],"items_purged":[],"items_purged_floors":[],"character_chosen":"DEFECT","card_choices":[{"picked":"Cold Snap","not_picked":["Skim","Barrage"],"floor":1},{"picked":"Storm","not_picked":["Go for the Eyes","Conserve Battery"],"floor":3},{"picked":"SKIP","not_picked":["Gash","Conserve Battery","Creative AI"],"floor":6}],"event_choices":[{"event_name":"Big Fish","player_choice":"Donut","floor":2,"cards_obtained":null,"cards_removed":null,"cards_transformed":null,"cards_upgraded":null,"relics_obtained":null,"potions_obtained":null,"relics_lost":null,"damage_taken":0,"damage_healed":0,"max_hp_loss":0,"max_hp_gain":5,"gold_gain":0,"gold_loss":0},{"event_name":"World of Goop","player_choice":"Gather Gold","floor":4,"cards_obtained":null,"cards_removed":null,"cards_transformed":null,"cards_upgraded":null,"relics_obtained":null,"potions_obtained":null,"relics_lost":null,"damage_taken":11,"damage_healed":0,"max_hp_loss":0,"max_hp_gain":0,"gold_gain":75,"gold_loss":0},{"event_name":"Living Wall","player_choice":"Forget","floor":5,"cards_obtained":null,"cards_removed":["Strike_B"],"cards_transformed":null,"cards_upgraded":null,"relics_obtained":null,"potions_obtained":null,"relics_lost":null,"damage_taken":0,"damage_healed":0,"max_hp_loss":0,"max_hp_gain":0,"gold_gain":0,"gold_loss":0}],"boss_relics":[],"damage_taken":[{"floor":1,"enemies":"Cultist","damage":0,"turns":3},{"floor":3,"enemies":"Small Slimes","damage":0,"turns":3},{"floor":6,"enemies":"Lagavulin","damage":58,"turns":9}],"potions_obtained":[{"key":"SpeedPotion","floor":3}],"relics_obtained":[{"key":"Bottled Tornado","floor":6}],"campfire_choices":[],"circlet_count":0,"win_rate":0,"killed_by":null}