{"play_id":"d8b54114-2ad0-4c5b-a0d5-7e5bcee88687","build_version":"2020-01-27","seed_played":"-5775503634433956178","chose_seed":false,"seed_source_timestamp":1688776724093,"is_daily":false,"special_seed":null,"is_trial":false,"is_endless":false,"is_ascension_mode":true,"ascension_level":5,"neow_bonus":"THREE_ENEMY_KILL","neow_cost":"NONE","is_beta":false,"is_prod":false,"victory":false,"floor_reached":16,"score":133,"timestamp":1758961680,"local_time":"09/27/2025 08:28:00","playtime":383,"player_experience":141790,"master_deck":["Strike_B","Strike_B","Strike_B","Strike_B","Defend_B","Defend_B","Defend_B","Defend_B","Zap","Dualcast","Redo","Streamline","Static Discharge","Ball Lightning","Sweeping Beam","Consume","Leap","Undo"],"relics":["Cracked Core","NeowsBlessing","PreservedInsect","Ornamental Fan"],"gold":221,"campfire_rested":2,"campfire_upgraded":0,"purchased_purges":0,"potions_floor_spawned":[1,4,12,14],"potions_floor_usage":[14,14],"current_hp_per_floor":[75,68,68,68,68,18,2,24,24,14,8,2,2,2,24,0],"max_hp_per_floor":[75,75,75,75,75,75,75,75,75,75,75,75,75,75,75,75],"gold_per_floor":[110,110,125,136,63,95,105,105,105,124,140,156,208,221,221,221],"path_per_floor":["M","?","M","M","$","E","M","R","T","M","M","M","?","M","R","B"],"path_taken":["M","?","M","?","?","E","M","R","T","M","M","M","?","M","R","BOSS"],"items_purchased":["Static Discharge"],"item_purchase_floors":[5],"items_purged":[],"items_purged_floors":[],"character_chosen":"DEFECT","card_choices":[{"picked":"Redo","not_picked":["Glacier","Ball Lightning"],"floor":1},{"picked":"Streamline","not_picked":["Compile Driver","Coolheaded"],"floor":3},{"picked":"SKIP","not_picked":["Barrage","Turbo","Gash"],"floor":4},{"picked":"Ball Lightning","not_picked":["Leap","Aggregate"],"floor":6},{"picked":"Sweeping Beam","not_picked":["Compile Driver","Double Energy"],"floor":7},{"picked":"Consume","not_picked":["Steam","Go for the Eyes"],"floor":10},{"picked":"Leap","not_picked":["Tempest","Stack"],"floor":11},{"picked":"Undo","not_picked":["Cold Snap","Double Energy"],"floor":12},{"picked":"SKIP","not_picked":["Reprogram","Steam","Barrage"],"floor":14}],"event_choices":[{"event_name":"Wheel of Change","player_choice":"Damaged","floor":2,"cards_obtained":null,"cards_removed":null,"cards_transformed":null,"cards_upgraded":null,"relics_obtained":null,"potions_obtained":null,"relics_lost":null,"damage_taken":7,"damage_healed":0,"max_hp_loss":0,"max_hp_gain":0,"gold_gain":0,"gold_loss":0},{"event_name":"Golden Wing","player_choice":"Gained Gold","floor":13,"cards_obtained":null,"cards_removed":null,"cards_transformed":null,"cards_upgraded":null,"relics_obtained":null,"potions_obtained":null,"relics_lost":null,"damage_taken":0,"damage_healed":0,"max_hp_loss":0,"max_hp_gain":0,"gold_gain":52,"gold_loss":0}],"boss_relics":[],"damage_taken":[{"floor":1,"enemies":"2 Louse","damage":0,"turns":1},{"floor":3,"enemies":"Cultist","damage":0,"turns":1},{"floor":4,"enemies":"Jaw Worm","damage":0,"turns":1},{"floor":6,"enemies":"3 Sentries","damage":50,"turns":6},{"floor":7,"enemies":"3 Louse","damage":16,"turns":2},{"floor":10,"enemies":"Lots of Slimes","damage":10,"turns":2},{"floor":11,"enemies":"2 Fungi Beasts","damage":6,"turns":3},{"floor":12,"enemies":"Blue Slaver","damage":6,"turns":3},{"floor":14,"enemies":"Looter","damage":0,"turns":3},{"floor":16,"enemies":"The Guardian","damage":24,"turns":5}],"potions_obtained":[{"key":"EssenceOfSteel","floor":1},{"key":"FocusPotion","floor":4},{"key":"SneckoOil","floor":12},{"key":"GamblersBrew","floor":14}],"relics_obtained":[{"key":"PreservedInsect","floor":6},{"key":"Ornamental Fan","floor":9}],"campfire_choices":[{"floor":8,"key":"REST"},{"floor":15,"key":"REST"}],"circlet_count":0,"win_rate":0,"killed_by":"The Guardian"}