{"play_id":"eb70f9ee-83ef-43a3-80fc-f9066419dc06","build_version":"2020-01-27","seed_played":"8500861847340683319","chose_seed":false,"seed_source_timestamp":0,"is_daily":false,"special_seed":0,"is_trial":false,"is_endless":false,"is_ascension_mode":true,"ascension_level":5,"neow_bonus":"BOSS_RELIC","neow_cost":"NONE","is_beta":false,"is_prod":false,"victory":false,"floor_reached":50,"score":703,"timestamp":1758961069,"local_time":"09/27/2025 08:17:49","playtime":2082,"player_experience":139506,"master_deck":["Strike_B+1","Strike_B+1","Strike_B+1","Defend_B+1","Defend_B+1","Defend_B+1","Zap","Dualcast","FTL","Doom and Gloom","Genetic Algorithm","Multi-Cast","Defragment+1","Sunder","Auto Shields","Creative AI","BootSequence","Ball Lightning","Loop+1","Electrodynamics","Ball Lightning+1","Heatsinks","Stack","Buffer","Storm","Double Energy+1","Doom and Gloom"],"relics":["Sozu","Strawberry","FossilizedHelix","Kunai","DataDisk","SlaversCollar","Sling","Orichalcum","Pen Nib","Omamori","Black Star","Anchor","Question Card","Old Coin","Regal Pillow","Lantern","Cauldron"],"gold":80,"campfire_rested":10,"campfire_upgraded":0,"purchased_purges":3,"potions_floor_spawned":[4,6,8,12,18,31,33,37,41,44],"potions_floor_usage":[],"current_hp_per_floor":[75,73,73,73,73,48,72,53,53,53,53,35,35,35,59,41,72,34,34,12,12,12,36,20,2,2,2,26,26,50,39,63,54,75,39,60,22,4,4,28,15,39,39,22,46,37,37,4,43,0],"max_hp_per_floor":[75,75,75,75,75,82,82,82,82,82,82,82,82,82,82,82,82,82,82,82,82,82,82,82,82,82,82,82,82,82,82,82,82,82,82,82,82,82,82,82,82,82,82,82,82,82,82,82,82,82],"gold_per_floor":[99,110,60,73,86,114,114,145,220,232,232,266,284,299,299,396,396,408,408,419,102,102,102,130,143,170,83,83,83,83,100,100,205,205,217,217,229,244,63,63,93,93,147,161,161,488,61,80,80,80],"path_per_floor":["M","M","?","M","M","E","R","E","T","M","?","E","M","M","R","B","ul","M","?","M","$","?","R","E","M","T","$","R","?","R","M","R","B","ul","M","?","M","M","$","R","E","R","T","M","R","E","$","M","R","B"],"path_taken":["M","M","?","M","M","E","R","E","T","M","?","E","M","M","R","BOSS","M","?","M","$","?","R","E","?","T","?","R","?","R","M","R","BOSS","M","?","M","M","$","R","E","R","T","M","R","E","$","M","R","BOSS"],"items_purchased":["Ball Lightning","Loop","Sling","Heatsinks","Stack","Storm","Lantern","Cauldron"],"item_purchase_floors":[21,21,21,27,27,39,47,47],"items_purged":["Strike_B+1","Streamline","Barrage"],"items_purged_floors":[21,39,47],"character_chosen":"DEFECT","card_choices":[{"picked":"FTL","not_picked":["Hologram","Conserve Battery"],"floor":1},{"picked":"Doom and Gloom","not_picked":["Reinforced Body","Sweeping Beam"],"floor":2},{"picked":"Barrage","not_picked":["FTL","Cold Snap"],"floor":4},{"picked":"Streamline","not_picked":["Sweeping Beam","Beam Cell"],"floor":5},{"picked":"Genetic Algorithm","not_picked":["Streamline","Blizzard"],"floor":6},{"picked":"Multi-Cast","not_picked":["Ball Lightning","Fusion"],"floor":8},{"picked":"Defragment","not_picked":["Sunder","Compile Driver"],"floor":10},{"picked":"Sunder","not_picked":["Skim","Streamline"],"floor":12},{"picked":"SKIP","not_picked":["Conserve Battery","Fusion","Beam Cell"],"floor":13},{"picked":"Auto Shields","not_picked":["Streamline","Gash"],"floor":14},{"picked":"Creative AI","not_picked":["Seek","Buffer"],"floor":16},{"picked":"SKIP","not_picked":["Coolheaded","Barrage","Scrape"],"floor":18},{"picked":"BootSequence","not_picked":["Reinforced Body","Storm"],"floor":20},{"picked":"Electrodynamics","not_picked":["Lockon","Blizzard"],"floor":24},{"picked":"Ball Lightning+1","not_picked":["Reinforced Body+1","Fusion"],"floor":25},{"picked":"SKIP","not_picked":["Chill","Turbo","Reprogram"],"floor":31},{"picked":"Buffer","not_picked":["Fission","Hyperbeam"],"floor":33},{"picked":"SKIP","not_picked":["Turbo+1","Hologram+1","Coolheaded"],"floor":35},{"picked":"SKIP","not_picked":["Compile Driver+1","Barrage+1","Stack"],"floor":37},{"picked":"SKIP","not_picked":["Force Field","Turbo+1","Beam Cell+1"],"floor":38},{"picked":"Double Energy+1","not_picked":["Barrage","Amplify"],"floor":41},{"picked":"SKIP","not_picked":["Steam+1","Hologram+1","Stack","Beam Cell"],"floor":44},{"picked":"Doom and Gloom","not_picked":["Rip and Tear+1","Compile Driver+1","Barrage"],"floor":46},{"picked":"SKIP","not_picked":["Barrage+1","Leap+1","Streamline","Turbo"],"floor":48}],"event_choices":[{"event_name":"The Cleric","player_choice":"Card Removal","floor":3,"cards_obtained":null,"cards_removed":["Defend_B"],"cards_transformed":null,"cards_upgraded":null,"relics_obtained":null,"potions_obtained":null,"relics_lost":null,"damage_taken":0,"damage_healed":0,"max_hp_loss":0,"max_hp_gain":0,"gold_gain":0,"gold_loss":50},{"event_name":"Living Wall","player_choice":"Grow","floor":11,"cards_obtained":null,"cards_removed":null,"cards_transformed":null,"cards_upgraded":["Defragment"],"relics_obtained":null,"potions_obtained":null,"relics_lost":null,"damage_taken":0,"damage_healed":0,"max_hp_loss":0,"max_hp_gain":0,"gold_gain":0,"gold_loss":0},{"event_name":"Back to Basics","player_choice":"Simplicity","floor":19,"cards_obtained":null,"cards_removed":null,"cards_transformed":null,"cards_upgraded":["Strike_B","Strike_B","Strike_B","Strike_B","Defend_B","Defend_B","Defend_B"],"relics_obtained":null,"potions_obtained":null,"relics_lost":null,"damage_taken":0,"damage_healed":0,"max_hp_loss":0,"max_hp_gain":0,"gold_gain":0,"gold_loss":0},{"event_name":"Accursed Blacksmith","player_choice":"Forge","floor":22,"cards_obtained":null,"cards_removed":null,"cards_transformed":null,"cards_upgraded":["Loop"],"relics_obtained":null,"potions_obtained":null,"relics_lost":null,"damage_taken":0,"damage_healed":0,"max_hp_loss":0,"max_hp_gain":0,"gold_gain":0,"gold_loss":0},{"event_name":"The Mausoleum","player_choice":"Opened","floor":29,"cards_obtained":null,"cards_removed":null,"cards_transformed":null,"cards_upgraded":null,"relics_obtained":["Omamori"],"potions_obtained":null,"relics_lost":null,"damage_taken":0,"damage_healed":0,"max_hp_loss":0,"max_hp_gain":0,"gold_gain":0,"gold_loss":0},{"event_name":"Winding Halls","player_choice":"Writhe","floor":36,"cards_obtained":["Writhe"],"cards_removed":null,"cards_transformed":null,"cards_upgraded":null,"relics_obtained":null,"potions_obtained":null,"relics_lost":null,"damage_taken":0,"damage_healed":21,"max_hp_loss":0,"max_hp_gain":0,"gold_gain":0,"gold_loss":0}],"boss_relics":[{"picked":"SlaversCollar","not_picked":["Busted Crown","SacredBark"]},{"picked":"Black Star","not_picked":["Coffee Dripper","Philosopher's Stone"]}],"damage_taken":[{"floor":1,"enemies":"Small Slimes","damage":0,"turns":3},{"floor":2,"enemies":"Jaw Worm","damage":2,"turns":4},{"floor":4,"enemies":"Cultist","damage":0,"turns":2},{"floor":5,"enemies":"Exordium Wildlife","damage":0,"turns":3},{"floor":6,"enemies":"Gremlin Nob","damage":32,"turns":4},{"floor":8,"enemies":"3 Sentries","damage":19,"turns":5},{"floor":10,"enemies":"Blue Slaver","damage":0,"turns":3},{"floor":12,"enemies":"Gremlin Nob","damage":18,"turns":4},{"floor":13,"enemies":"Exordium Thugs","damage":0,"turns":4},{"floor":14,"enemies":"3 Louse","damage":0,"turns":3},{"floor":16,"enemies":"Slime Boss","damage":18,"turns":6},{"floor":18,"enemies":"2 Thieves","damage":38,"turns":5},{"floor":20,"enemies":"Spheric Guardian","damage":22,"turns":4},{"floor":24,"enemies":"Book of Stabbing","damage":16,"turns":6},{"floor":25,"enemies":"Snake Plant","damage":18,"turns":4},{"floor":31,"enemies":"Sentry and Sphere","damage":11,"turns":3},{"floor":33,"enemies":"Champ","damage":9,"turns":7},{"floor":35,"enemies":"3 Shapes","damage":36,"turns":4},{"floor":37,"enemies":"3 Darklings","damage":38,"turns":5},{"floor":38,"enemies":"4 Shapes","damage":18,"turns":4},{"floor":41,"enemies":"Giant Head","damage":13,"turns":8},{"floor":44,"enemies":"Spire Growth","damage":17,"turns":4},{"floor":46,"enemies":"Reptomancer","damage":9,"turns":5},{"floor":48,"enemies":"Maw","damage":33,"turns":7},{"floor":50,"enemies":"Awakened One","damage":48,"turns":3}],"potions_obtained":[],"relics_obtained":[{"key":"Strawberry","floor":6},{"key":"FossilizedHelix","floor":8},{"key":"Kunai","floor":9},{"key":"DataDisk","floor":12},{"key":"Orichalcum","floor":24},{"key":"Pen Nib","floor":26},{"key":"Anchor","floor":41},{"key":"Question Card","floor":41},{"key":"Old Coin","floor":46},{"key":"Regal Pillow","floor":46}],"campfire_choices":[{"floor":7,"key":"REST"},{"floor":15,"key":"REST"},{"floor":23,"key":"REST"},{"floor":28,"key":"REST"},{"floor":30,"key":"REST"},{"floor":32,"key":"REST"},{"floor":40,"key":"REST"},{"floor":42,"key":"REST"},{"floor":45,"key":"REST"},{"floor":49,"key":"REST"}],"circlet_count":0,"win_rate":0,"killed_by":"Awakened One"}