{"play_id":"50e35199-ce33-440e-9e4b-af93a9c80edf","build_version":"2020-01-27","seed_played":"-414483350368428656","chose_seed":false,"seed_source_timestamp":0,"is_daily":false,"special_seed":0,"is_trial":false,"is_endless":false,"is_ascension_mode":false,"ascension_level":0,"neow_bonus":"BOSS_RELIC","neow_cost":"NONE","is_beta":false,"is_prod":false,"victory":true,"floor_reached":51,"score":827,"timestamp":1723819884,"local_time":"20240816145124","playtime":3123,"player_experience":20821,"master_deck":["Defend_P","Defend_P","Defend_P","Defend_P","Eruption","Vigilance","TalkToTheHand","FollowUp","FlurryOfBlows","Doubt","PathToVictory","Devotion","Transmutation","FearNoEvil","InnerPeace","Mind Blast","BattleHymn","Vault","EmptyFist","Writhe","Bite","Bite","Bite","Bite","Bite","SandsOfTime+1","Necronomicurse","CarveReality+1","Prostrate","BowlingBash","Swivel","LikeWater","BowlingBash+1","Devotion","Collect","Wallop+1","Crescendo+1","Prostrate","Sanctity+1","EmptyFist+1","Consecrate+1","Prostrate","FlurryOfBlows+1","Master of Strategy"],"relics":["Tiny House","Golden Idol","Oddly Smooth Stone","PreservedInsect","Ectoplasm","Pocketwatch","Necronomicon","Toy Ornithopter","Bottled Lightning","Gambling Chip","Fusion Hammer","Letter Opener","Vajra","Ice Cream","Bag of Preparation","Gremlin Horn"],"gold":0,"campfire_rested":9,"campfire_upgraded":0,"purchased_purges":0,"potions_floor_spawned":[3,8,16,21,27,28,31,33,35,39,45,46,47],"potions_floor_usage":[33,33,33,33,33,50,50,50,50,50],"current_hp_per_floor":[64,64,59,48,48,9,30,25,25,46,46,67,60,51,71,15,71,51,51,51,56,40,20,41,41,41,35,19,23,14,10,31,14,71,71,71,59,60,14,35,27,48,48,50,45,44,46,46,67,71],"max_hp_per_floor":[77,71,71,71,71,71,71,71,71,71,71,71,71,71,71,71,71,71,71,71,71,71,71,71,71,71,71,71,71,71,71,71,71,71,71,71,71,71,71,71,71,71,71,71,71,71,71,71,71,71],"gold_per_floor":[165,165,184,259,434,473,473,498,549,549,16,16,16,41,41,167,167,137,137,137,137,137,137,137,0,0,0,0,0,0,0,0,0,0,0,0,0,0,0,0,0,0,0,0,0,0,0,0,0,0],"path_per_floor":["M","?","M","?","?","E","R","M","T","R","$","R","?","M","R","B","ul","M","?","?","M","?","E","R","?","T","E","M","M","M","M","R","B",null,"M","?","M","M","M","R","E","R","T","M","E","M","E","?","R","B",null],"path_taken":["M","?","M","?","?","E","R","M","T","R","$","R","?","M","R","BOSS","M","?","?","M","?","E","R","?","T","E","M","?","M","M","R","BOSS","M","?","M","M","M","R","E","R","T","?","E","M","E","?","R","BOSS"],"items_purchased":["Blood Vial","Transmutation","FearNoEvil","InnerPeace","Mind Blast"],"item_purchase_floors":[11,11,11,11,11],"items_purged":[],"items_purged_floors":[],"character_chosen":"WATCHER","card_choices":[{"picked":"TalkToTheHand","not_picked":["ThirdEye","FlyingSleeves"],"floor":0},{"picked":"FollowUp","not_picked":["LikeWater","Pray"],"floor":1},{"picked":"FlurryOfBlows","not_picked":["ClearTheMind","WreathOfFlame"],"floor":3},{"picked":"PathToVictory","not_picked":["Vengeance","Weave"],"floor":6},{"picked":"Devotion","not_picked":["Vengeance","Worship"],"floor":8},{"picked":"BattleHymn","not_picked":["JustLucky","PathToVictory"],"floor":14},{"picked":"Vault","not_picked":["Omniscience","Establishment"],"floor":16},{"picked":"EmptyFist","not_picked":["Adaptation","FlurryOfBlows"],"floor":18},{"picked":"SandsOfTime+1","not_picked":["FlurryOfBlows+1","Protect"],"floor":21},{"picked":"CarveReality+1","not_picked":["Prostrate","Nirvana"],"floor":23},{"picked":"Prostrate","not_picked":["Vault","InnerPeace"],"floor":27},{"picked":"BowlingBash","not_picked":["Indignation","ClearTheMind+1"],"floor":28},{"picked":"Swivel","not_picked":["JustLucky","ClearTheMind"],"floor":29},{"picked":"LikeWater","not_picked":["JustLucky","Prostrate"],"floor":30},{"picked":"BowlingBash+1","not_picked":["Evaluate","TalkToTheHand"],"floor":31},{"picked":"Devotion","not_picked":["Omniscience","Scrawl"],"floor":33},{"picked":"Collect","not_picked":["FlurryOfBlows","Evaluate+1"],"floor":35},{"picked":"Wallop+1","not_picked":["Protect","CutThroughFate"],"floor":37},{"picked":"Crescendo+1","not_picked":["WindmillStrike","Establishment"],"floor":38},{"picked":"Prostrate","not_picked":["Worship+1","LikeWater+1"],"floor":39},{"picked":"Sanctity+1","not_picked":["Halt","Protect"],"floor":41},{"picked":"EmptyFist+1","not_picked":["ClearTheMind","ThirdEye"],"floor":44},{"picked":"Consecrate+1","not_picked":["LikeWater+1","Wallop"],"floor":45},{"picked":"Prostrate","not_picked":["BattleHymn","Consecrate+1"],"floor":46},{"picked":"FlurryOfBlows+1","not_picked":["SashWhip","Fasting2+1"],"floor":47},{"picked":"Master of Strategy","not_picked":["Bandage Up","PanicButton"],"floor":48}],"event_choices":[{"event_name":"Golden Idol","player_choice":"Lose Max HP","floor":2,"cards_obtained":null,"cards_removed":null,"cards_transformed":null,"cards_upgraded":null,"relics_obtained":["Golden Idol"],"potions_obtained":null,"relics_lost":null,"damage_taken":0,"damage_healed":0,"max_hp_loss":6,"max_hp_gain":0,"gold_gain":0,"gold_loss":0},{"event_name":"World of Goop","player_choice":"Gather Gold","floor":4,"cards_obtained":null,"cards_removed":null,"cards_transformed":null,"cards_upgraded":null,"relics_obtained":null,"potions_obtained":null,"relics_lost":null,"damage_taken":11,"damage_healed":0,"max_hp_loss":0,"max_hp_gain":0,"gold_gain":75,"gold_loss":0},{"event_name":"Liars Game","player_choice":"AGREE","floor":5,"cards_obtained":["Doubt"],"cards_removed":null,"cards_transformed":null,"cards_upgraded":null,"relics_obtained":null,"potions_obtained":null,"relics_lost":null,"damage_taken":0,"damage_healed":0,"max_hp_loss":0,"max_hp_gain":0,"gold_gain":175,"gold_loss":0},{"event_name":"Golden Wing","player_choice":"Card Removal","floor":13,"cards_obtained":null,"cards_removed":["Strike_P"],"cards_transformed":null,"cards_upgraded":null,"relics_obtained":null,"potions_obtained":null,"relics_lost":null,"damage_taken":7,"damage_healed":0,"max_hp_loss":0,"max_hp_gain":0,"gold_gain":0,"gold_loss":0},{"event_name":"The Mausoleum","player_choice":"Opened","floor":19,"cards_obtained":["Writhe"],"cards_removed":null,"cards_transformed":null,"cards_upgraded":null,"relics_obtained":["Pocketwatch"],"potions_obtained":null,"relics_lost":null,"damage_taken":0,"damage_healed":0,"max_hp_loss":0,"max_hp_gain":0,"gold_gain":0,"gold_loss":0},{"event_name":"Vampires","player_choice":"Became a vampire (Vial)","floor":20,"cards_obtained":["Bite","Bite","Bite","Bite","Bite"],"cards_removed":null,"cards_transformed":null,"cards_upgraded":null,"relics_obtained":null,"potions_obtained":null,"relics_lost":["Blood Vial"],"damage_taken":0,"damage_healed":0,"max_hp_loss":0,"max_hp_gain":0,"gold_gain":0,"gold_loss":0},{"event_name":"Cursed Tome","player_choice":"Obtained Book","floor":22,"cards_obtained":null,"cards_removed":null,"cards_transformed":null,"cards_upgraded":null,"relics_obtained":null,"potions_obtained":null,"relics_lost":null,"damage_taken":16,"damage_healed":0,"max_hp_loss":0,"max_hp_gain":0,"gold_gain":0,"gold_loss":0},{"event_name":"Masked Bandits","player_choice":"Paid Fearfully","floor":25,"cards_obtained":null,"cards_removed":null,"cards_transformed":null,"cards_upgraded":null,"relics_obtained":null,"potions_obtained":null,"relics_lost":null,"damage_taken":0,"damage_healed":0,"max_hp_loss":0,"max_hp_gain":0,"gold_gain":0,"gold_loss":137},{"event_name":"WeMeetAgain","player_choice":"Gave Potion","floor":36,"cards_obtained":null,"cards_removed":null,"cards_transformed":null,"cards_upgraded":null,"relics_obtained":["Letter Opener"],"potions_obtained":null,"relics_lost":null,"damage_taken":0,"damage_healed":0,"max_hp_loss":0,"max_hp_gain":0,"gold_gain":0,"gold_loss":0},{"event_name":"SensoryStone","player_choice":"Memory 1","floor":48,"cards_obtained":null,"cards_removed":null,"cards_transformed":null,"cards_upgraded":null,"relics_obtained":null,"potions_obtained":null,"relics_lost":null,"damage_taken":0,"damage_healed":0,"max_hp_loss":0,"max_hp_gain":0,"gold_gain":0,"gold_loss":0}],"boss_relics":[{"picked":"Ectoplasm","not_picked":["VioletLotus","Philosopher's Stone"]},{"picked":"Fusion Hammer","not_picked":["Velvet Choker","Empty Cage"]}],"damage_taken":[{"floor":1,"enemies":"2 Louse","damage":13,"turns":4},{"floor":3,"enemies":"Small Slimes","damage":5,"turns":3},{"floor":6,"enemies":"Lagavulin","damage":39,"turns":11},{"floor":8,"enemies":"Jaw Worm","damage":5,"turns":2},{"floor":14,"enemies":"Blue Slaver","damage":11,"turns":4},{"floor":16,"enemies":"Hexaghost","damage":56,"turns":10},{"floor":18,"enemies":"2 Thieves","damage":20,"turns":3},{"floor":21,"enemies":"Chosen","damage":1,"turns":5},{"floor":23,"enemies":"Gremlin Leader","damage":24,"turns":3},{"floor":27,"enemies":"Book of Stabbing","damage":18,"turns":5},{"floor":28,"enemies":"Centurion and Healer","damage":22,"turns":4},{"floor":29,"enemies":"Cultist and Chosen","damage":0,"turns":4},{"floor":30,"enemies":"Chosen and Byrds","damage":20,"turns":6},{"floor":31,"enemies":"Snecko","damage":10,"turns":4},{"floor":33,"enemies":"Automaton","damage":73,"turns":8},{"floor":35,"enemies":"3 Darklings","damage":0,"turns":3},{"floor":37,"enemies":"3 Shapes","damage":14,"turns":3},{"floor":38,"enemies":"3 Darklings","damage":7,"turns":5},{"floor":39,"enemies":"Maw","damage":50,"turns":5},{"floor":41,"enemies":"Nemesis","damage":12,"turns":4},{"floor":44,"enemies":"Jaw Worm Horde","damage":2,"turns":4},{"floor":45,"enemies":"Reptomancer","damage":7,"turns":3},{"floor":46,"enemies":"Sphere and 2 Shapes","damage":3,"turns":3},{"floor":47,"enemies":"Giant Head","damage":0,"turns":3},{"floor":50,"enemies":"Time Eater","damage":27,"turns":4}],"potions_obtained":[{"key":"SpeedPotion","floor":0},{"key":"Weak Potion","floor":3},{"key":"EntropicBrew","floor":8},{"key":"GamblersBrew","floor":16},{"key":"Strength Potion","floor":21},{"key":"Ancient Potion","floor":27},{"key":"ColorlessPotion","floor":28},{"key":"Explosive Potion","floor":31},{"key":"SteroidPotion","floor":33},{"key":"ColorlessPotion","floor":35},{"key":"SpeedPotion","floor":39},{"key":"EntropicBrew","floor":45},{"key":"Swift Potion","floor":46},{"key":"Fire Potion","floor":47}],"relics_obtained":[{"key":"Oddly Smooth Stone","floor":6},{"key":"PreservedInsect","floor":9},{"key":"Necronomicon","floor":22},{"key":"Toy Ornithopter","floor":23},{"key":"Bottled Lightning","floor":26},{"key":"Gambling Chip","floor":27},{"key":"Vajra","floor":41},{"key":"Ice Cream","floor":43},{"key":"Bag of Preparation","floor":45},{"key":"Gremlin Horn","floor":47}],"campfire_choices":[{"floor":7,"key":"REST"},{"floor":10,"key":"REST"},{"floor":12,"key":"REST"},{"floor":15,"key":"REST"},{"floor":24,"key":"REST"},{"floor":32,"key":"REST"},{"floor":40,"key":"REST"},{"floor":42,"key":"REST"},{"floor":49,"key":"REST"}],"circlet_count":0,"win_rate":0,"killed_by":null}