{"play_id":"2f81fef4-cd5f-47d4-a263-3f6a75a57ada","build_version":"2020-01-27","seed_played":"-1142346991842521880","chose_seed":false,"seed_source_timestamp":212720950001,"is_daily":false,"special_seed":null,"is_trial":false,"is_endless":false,"is_ascension_mode":false,"ascension_level":0,"neow_bonus":"TEN_PERCENT_HP_BONUS","neow_cost":"NONE","is_beta":false,"is_prod":false,"victory":false,"floor_reached":33,"score":322,"timestamp":1723783335,"local_time":"20240816044215","playtime":2285,"player_experience":18536,"master_deck":["Strike_P","Strike_P","Strike_P","Strike_P","Defend_P","Defend_P","Defend_P","Defend_P","Eruption","Vigilance","EmptyMind","PathToVictory+1","FollowUp","EmptyBody","Collect","Halt","FlyingSleeves","Consecrate","Vault","CurseOfTheBell","Sanctity+1","DeusExMachina","EmptyFist","SignatureMove+1","Swivel","SandsOfTime+1","Vengeance","TalkToTheHand+1","TalkToTheHand"],"relics":["PureWater","Girya","Letter Opener","Question Card","Bronze Scales","Calling Bell","Oddly Smooth Stone","Ornamental Fan","Torii","CaptainsWheel","Nunchaku","Kunai","Bird Faced Urn"],"gold":129,"campfire_rested":4,"campfire_upgraded":1,"purchased_purges":0,"potions_floor_spawned":[1,10,16,21,24,28,31],"potions_floor_usage":[14,16,24,33,33,33],"current_hp_per_floor":[79,79,68,61,61,61,30,30,30,26,49,49,49,23,46,27,79,62,49,49,30,30,53,27,50,50,42,28,89,83,75,75,0],"max_hp_per_floor":[79,79,79,79,79,79,79,79,79,79,79,79,79,79,79,79,79,79,79,79,79,79,79,79,79,79,79,79,89,89,89,89,89],"gold_per_floor":[117,21,96,114,128,128,160,160,160,170,170,170,170,201,201,306,306,318,334,5,22,42,42,71,71,71,82,107,107,117,129,129,129],"path_per_floor":["M","$","?","M","M","R","E","R","T","M","R","?","T","E","R","B",null,"M","M","$","M","M","R","E","R","T","M","E","?","M","M","R","B"],"path_taken":["M","?","?","M","M","R","E","R","T","M","R","?","?","E","R","BOSS","M","M","$","M","M","R","E","R","T","M","E","?","?","M","R","BOSS"],"items_purchased":["PathToVictory","FollowUp","CaptainsWheel","EmptyFist"],"item_purchase_floors":[2,2,20,20],"items_purged":[],"items_purged_floors":[],"character_chosen":"WATCHER","card_choices":[{"picked":"EmptyMind","not_picked":["Pray","PathToVictory"],"floor":1},{"picked":"EmptyBody","not_picked":["EmptyFist","ClearTheMind"],"floor":4},{"picked":"Collect","not_picked":["Pray","ThirdEye"],"floor":5},{"picked":"Halt","not_picked":["ClearTheMind","Study"],"floor":7},{"picked":"FlyingSleeves","not_picked":["FollowUp","SashWhip"],"floor":10},{"picked":"Consecrate","not_picked":["MasterReality","ClearTheMind","Evaluate"],"floor":14},{"picked":"Vault","not_picked":["ConjureBlade","Brilliance","MasterReality"],"floor":16},{"picked":"Sanctity+1","not_picked":["ThirdEye","Collect","Worship+1"],"floor":18},{"picked":"DeusExMachina","not_picked":["FlyingSleeves+1","ClearTheMind","Halt"],"floor":19},{"picked":"SignatureMove+1","not_picked":["CrushJoints","EmptyBody","DeceiveReality+1"],"floor":21},{"picked":"Swivel","not_picked":["Crescendo","EmptyFist","PathToVictory"],"floor":22},{"picked":"SandsOfTime+1","not_picked":["FlurryOfBlows","ThirdEye","Conclude"],"floor":24},{"picked":"Vengeance","not_picked":["Halt","Crescendo","CutThroughFate"],"floor":27},{"picked":"Brilliance","not_picked":["MasterReality","WaveOfTheHand","Evaluate"],"floor":28},{"picked":"TalkToTheHand+1","not_picked":["ClearTheMind","Consecrate","ThirdEye"],"floor":30},{"picked":"TalkToTheHand","not_picked":["Study","Halt","ThirdEye"],"floor":31}],"event_choices":[{"event_name":"World of Goop","player_choice":"Gather Gold","floor":3,"cards_obtained":null,"cards_removed":null,"cards_transformed":null,"cards_upgraded":null,"relics_obtained":null,"potions_obtained":null,"relics_lost":null,"damage_taken":11,"damage_healed":0,"max_hp_loss":0,"max_hp_gain":0,"gold_gain":75,"gold_loss":0},{"event_name":"Golden Wing","player_choice":"Ignored","floor":12,"cards_obtained":null,"cards_removed":null,"cards_transformed":null,"cards_upgraded":null,"relics_obtained":null,"potions_obtained":null,"relics_lost":null,"damage_taken":0,"damage_healed":0,"max_hp_loss":0,"max_hp_gain":0,"gold_gain":0,"gold_loss":0},{"event_name":"Bonfire Elementals","player_choice":"Offered Rare","floor":29,"cards_obtained":null,"cards_removed":["Brilliance"],"cards_transformed":null,"cards_upgraded":null,"relics_obtained":null,"potions_obtained":null,"relics_lost":null,"damage_taken":0,"damage_healed":51,"max_hp_loss":0,"max_hp_gain":10,"gold_gain":0,"gold_loss":0}],"boss_relics":[{"picked":"Calling Bell","not_picked":["Busted Crown","Runic Pyramid"]}],"damage_taken":[{"floor":1,"enemies":"Cultist","damage":0,"turns":3},{"floor":4,"enemies":"Jaw Worm","damage":7,"turns":4},{"floor":5,"enemies":"2 Louse","damage":0,"turns":2},{"floor":7,"enemies":"3 Sentries","damage":31,"turns":11},{"floor":10,"enemies":"Blue Slaver","damage":4,"turns":4},{"floor":14,"enemies":"Gremlin Nob","damage":26,"turns":4},{"floor":16,"enemies":"Hexaghost","damage":19,"turns":7},{"floor":18,"enemies":"2 Thieves","damage":17,"turns":5},{"floor":19,"enemies":"Chosen","damage":13,"turns":5},{"floor":21,"enemies":"Sentry and Sphere","damage":19,"turns":7},{"floor":22,"enemies":"Chosen and Byrds","damage":0,"turns":3},{"floor":24,"enemies":"Book of Stabbing","damage":26,"turns":6},{"floor":27,"enemies":"Snake Plant","damage":8,"turns":2},{"floor":28,"enemies":"Slavers","damage":14,"turns":4},{"floor":30,"enemies":"Snecko","damage":6,"turns":4},{"floor":31,"enemies":"Cultist and Chosen","damage":8,"turns":6},{"floor":33,"enemies":"Collector","damage":83,"turns":6}],"potions_obtained":[{"key":"LiquidMemories","floor":1},{"key":"Dexterity Potion","floor":10},{"key":"GamblersBrew","floor":16},{"key":"ColorlessPotion","floor":21},{"key":"Strength Potion","floor":24},{"key":"FearPotion","floor":28},{"key":"Strength Potion","floor":31}],"relics_obtained":[{"key":"Girya","floor":7},{"key":"Letter Opener","floor":9},{"key":"Question Card","floor":13},{"key":"Bronze Scales","floor":14},{"key":"Oddly Smooth Stone","floor":17},{"key":"Ornamental Fan","floor":17},{"key":"Torii","floor":17},{"key":"Nunchaku","floor":24},{"key":"Kunai","floor":26},{"key":"Bird Faced Urn","floor":28}],"campfire_choices":[{"floor":6,"key":"SMITH","data":"PathToVictory"},{"floor":8,"key":"LIFT","data":"1"},{"floor":11,"key":"REST"},{"floor":15,"key":"REST"},{"floor":23,"key":"REST"},{"floor":25,"key":"REST"},{"floor":32,"key":"LIFT","data":"2"}],"circlet_count":0,"win_rate":0,"killed_by":"Collector"}