{"play_id":"7e79b33e-b4bb-4ac3-8260-ad316c2b4505","build_version":"2020-01-27","seed_played":"1532375858748004506","chose_seed":false,"seed_source_timestamp":2511653052046,"is_daily":false,"special_seed":null,"is_trial":false,"is_endless":false,"is_ascension_mode":true,"ascension_level":1,"neow_bonus":"ONE_RARE_RELIC","neow_cost":"NO_GOLD","is_beta":false,"is_prod":false,"victory":false,"floor_reached":48,"score":670,"timestamp":1729422368,"local_time":"20241020110608","playtime":3116,"player_experience":82278,"master_deck":["Strike_P","Strike_P+1","Defend_P","Defend_P","Defend_P","Eruption+1","Vigilance","SandsOfTime","Brilliance","Prostrate","EmptyFist+1","CarveReality+1","Consecrate+1","FlyingSleeves+1","SashWhip+1","Devotion+1","DeusExMachina","PathToVictory+1","InnerPeace","Prostrate","FollowUp+1","ConjureBlade+1","Halt","EmptyFist+1","ReachHeaven+1","Worship","Enlightenment","Pray+1"],"relics":["PureWater","TungstenRod","Molten Egg 2","Eternal Feather","Pear","Dead Branch","VioletLotus","Gremlin Horn","Matryoshka","Whetstone","GoldenEye","Art of War","Bottled Flame","Fusion Hammer","PreservedInsect","StoneCalendar","Toxic Egg 2","Omamori","Nunchaku","FossilizedHelix"],"gold":58,"campfire_rested":4,"campfire_upgraded":3,"purchased_purges":1,"potions_floor_spawned":[1,10,12,16,22,25,27,29,30,37,38],"potions_floor_usage":[6,25,29,30,31,33,44,47,48],"current_hp_per_floor":[72,72,70,70,70,57,57,47,57,51,82,82,82,75,82,82,82,82,82,63,63,48,48,60,53,53,28,64,32,27,24,63,42,82,82,82,58,58,58,82,82,82,82,42,42,42,18,0],"max_hp_per_floor":[72,72,72,72,72,72,72,72,82,82,82,82,82,82,82,82,82,82,82,82,82,82,82,82,82,82,82,82,82,82,82,82,82,82,82,82,82,82,82,82,82,82,82,82,82,82,82,82],"gold_per_floor":[20,20,39,39,55,89,89,116,116,135,135,145,245,272,272,377,377,395,73,84,9,28,54,54,74,74,106,106,140,159,175,175,272,272,283,35,45,95,95,95,127,127,127,147,147,3,58,58],"path_per_floor":["M","?","M","?","M","E","R","E","T","M","R","M","?","E","R","B",null,"M","$","M","$","M","E","R","M","T","E","R","E","M","M","R","B",null,"M","$","M","?","?","R","E","R","T","M","?","$","?","M"],"path_taken":["M","?","M","?","?","E","R","E","T","M","R","M","?","E","R","BOSS","M","$","M","$","M","E","R","M","T","E","R","E","M","M","R","BOSS","M","$","M","?","?","R","E","R","T","M","?","?","?","M"],"items_purchased":["Gremlin Horn","InnerPeace","PreservedInsect","SpeedPotion","Swift Potion","Nunchaku"],"item_purchase_floors":[19,19,36,36,36,46],"items_purged":["Strike_P"],"items_purged_floors":[21],"character_chosen":"WATCHER","card_choices":[{"picked":"SandsOfTime","not_picked":["EmptyMind","SashWhip"],"floor":1},{"picked":"Prostrate","not_picked":["Evaluate","ForeignInfluence"],"floor":3},{"picked":"EmptyFist","not_picked":["FlyingSleeves","Crescendo"],"floor":5},{"picked":"CarveReality+1","not_picked":["Ragnarok+1","MentalFortress"],"floor":6},{"picked":"Consecrate+1","not_picked":["CutThroughFate+1","Meditate"],"floor":8},{"picked":"FlyingSleeves+1","not_picked":["Crescendo","CutThroughFate+1"],"floor":10},{"picked":"SashWhip+1","not_picked":["BowlingBash+1","Sanctity"],"floor":12},{"picked":"Devotion","not_picked":["WheelKick+1","Nirvana"],"floor":14},{"picked":"DeusExMachina","not_picked":["Blasphemy","Vault"],"floor":16},{"picked":"PathToVictory+1","not_picked":["Crescendo","CrushJoints+1"],"floor":18},{"picked":"Prostrate","not_picked":["CarveReality+1","ThirdEye"],"floor":20},{"picked":"FollowUp+1","not_picked":["Evaluate+1","DevaForm"],"floor":22},{"picked":"ConjureBlade","not_picked":["CutThroughFate+1","Fasting2"],"floor":23},{"picked":"Halt","not_picked":["Conclude+1","PathToVictory"],"floor":25},{"picked":"SKIP","not_picked":["InnerPeace+1","ForeignInfluence","WindmillStrike+1"],"floor":27},{"picked":"SKIP","not_picked":["SashWhip+1","EmptyMind","EmptyBody"],"floor":29},{"picked":"EmptyFist+1","not_picked":["Consecrate+1","CutThroughFate+1"],"floor":30},{"picked":"ReachHeaven+1","not_picked":["ForeignInfluence","BowlingBash+1"],"floor":31},{"picked":"Worship","not_picked":["CrushJoints+1","Halt"],"floor":35},{"picked":"SKIP","not_picked":["Protect","Halt","ForeignInfluence+1"],"floor":37},{"picked":"Enlightenment","not_picked":["Secret Technique","Thinking Ahead"],"floor":39},{"picked":"Pray+1","not_picked":["Evaluate+1","JustLucky+1"],"floor":41},{"picked":"SKIP","not_picked":["BowlingBash+1","ClearTheMind+1","WaveOfTheHand+1"],"floor":44}],"event_choices":[{"event_name":"Living Wall","player_choice":"Change","floor":2,"cards_obtained":["Brilliance"],"cards_removed":null,"cards_transformed":["Strike_P"],"cards_upgraded":null,"relics_obtained":null,"potions_obtained":null,"relics_lost":null,"damage_taken":0,"damage_healed":0,"max_hp_loss":0,"max_hp_gain":0,"gold_gain":0,"gold_loss":0},{"event_name":"Lab","player_choice":"Got Potions","floor":4,"cards_obtained":null,"cards_removed":null,"cards_transformed":null,"cards_upgraded":null,"relics_obtained":null,"potions_obtained":null,"relics_lost":null,"damage_taken":0,"damage_healed":0,"max_hp_loss":0,"max_hp_gain":0,"gold_gain":0,"gold_loss":0},{"event_name":"Golden Shrine","player_choice":"Pray","floor":13,"cards_obtained":null,"cards_removed":null,"cards_transformed":null,"cards_upgraded":null,"relics_obtained":null,"potions_obtained":null,"relics_lost":null,"damage_taken":0,"damage_healed":0,"max_hp_loss":0,"max_hp_gain":0,"gold_gain":100,"gold_loss":0},{"event_name":"MindBloom","player_choice":"Fight","floor":38,"cards_obtained":null,"cards_removed":null,"cards_transformed":null,"cards_upgraded":null,"relics_obtained":null,"potions_obtained":null,"relics_lost":null,"damage_taken":0,"damage_healed":0,"max_hp_loss":0,"max_hp_gain":0,"gold_gain":0,"gold_loss":0},{"event_name":"SensoryStone","player_choice":"Memory 1","floor":39,"cards_obtained":null,"cards_removed":null,"cards_transformed":null,"cards_upgraded":null,"relics_obtained":null,"potions_obtained":null,"relics_lost":null,"damage_taken":0,"damage_healed":0,"max_hp_loss":0,"max_hp_gain":0,"gold_gain":0,"gold_loss":0},{"event_name":"Falling","player_choice":"Removed Skill","floor":45,"cards_obtained":null,"cards_removed":["Defend_P"],"cards_transformed":null,"cards_upgraded":null,"relics_obtained":null,"potions_obtained":null,"relics_lost":null,"damage_taken":0,"damage_healed":0,"max_hp_loss":0,"max_hp_gain":0,"gold_gain":0,"gold_loss":0},{"event_name":"Mysterious Sphere","player_choice":"Fight","floor":47,"cards_obtained":null,"cards_removed":null,"cards_transformed":null,"cards_upgraded":null,"relics_obtained":null,"potions_obtained":null,"relics_lost":null,"damage_taken":0,"damage_healed":0,"max_hp_loss":0,"max_hp_gain":0,"gold_gain":0,"gold_loss":0}],"boss_relics":[{"picked":"VioletLotus","not_picked":["Runic Pyramid","Velvet Choker"]},{"picked":"Fusion Hammer","not_picked":["Black Star","Runic Dome"]}],"damage_taken":[{"floor":1,"enemies":"2 Louse","damage":0,"turns":1},{"floor":3,"enemies":"Jaw Worm","damage":2,"turns":4},{"floor":5,"enemies":"Cultist","damage":0,"turns":3},{"floor":6,"enemies":"Lagavulin","damage":13,"turns":5},{"floor":8,"enemies":"Gremlin Nob","damage":10,"turns":3},{"floor":10,"enemies":"Large Slime","damage":6,"turns":3},{"floor":12,"enemies":"Exordium Wildlife","damage":0,"turns":1},{"floor":14,"enemies":"Lagavulin","damage":7,"turns":3},{"floor":16,"enemies":"Slime Boss","damage":0,"turns":4},{"floor":18,"enemies":"3 Byrds","damage":0,"turns":4},{"floor":20,"enemies":"Shell Parasite","damage":19,"turns":4},{"floor":22,"enemies":"Snake Plant","damage":15,"turns":4},{"floor":23,"enemies":"Gremlin Leader","damage":0,"turns":3},{"floor":25,"enemies":"Centurion and Healer","damage":7,"turns":4},{"floor":27,"enemies":"Book of Stabbing","damage":25,"turns":5},{"floor":29,"enemies":"Slavers","damage":32,"turns":3},{"floor":30,"enemies":"Snecko","damage":5,"turns":5},{"floor":31,"enemies":"Shelled Parasite and Fungi","damage":3,"turns":3},{"floor":33,"enemies":"Champ","damage":21,"turns":7},{"floor":35,"enemies":"3 Darklings","damage":0,"turns":3},{"floor":37,"enemies":"Orb Walker","damage":24,"turns":3},{"floor":38,"enemies":"Mind Bloom Boss Battle","damage":0,"turns":3},{"floor":41,"enemies":"Reptomancer","damage":0,"turns":4},{"floor":44,"enemies":"Writhing Mass","damage":40,"turns":4},{"floor":47,"enemies":"2 Orb Walkers","damage":24,"turns":4},{"floor":48,"enemies":"Spire Growth","damage":24,"turns":4}],"potions_obtained":[{"key":"SpeedPotion","floor":1},{"key":"Ambrosia","floor":4},{"key":"StancePotion","floor":4},{"key":"Ancient Potion","floor":10},{"key":"CultistPotion","floor":25},{"key":"Block Potion","floor":30},{"key":"ColorlessPotion","floor":37}],"relics_obtained":[{"key":"Molten Egg 2","floor":6},{"key":"Eternal Feather","floor":8},{"key":"Pear","floor":9},{"key":"Dead Branch","floor":14},{"key":"Matryoshka","floor":23},{"key":"Whetstone","floor":26},{"key":"GoldenEye","floor":26},{"key":"Art of War","floor":27},{"key":"Bottled Flame","floor":29},{"key":"StoneCalendar","floor":38},{"key":"Toxic Egg 2","floor":41},{"key":"Omamori","floor":43},{"key":"FossilizedHelix","floor":47}],"campfire_choices":[{"floor":7,"key":"SMITH","data":"Eruption"},{"floor":11,"key":"REST"},{"floor":15,"key":"SMITH","data":"Devotion"},{"floor":24,"key":"SMITH","data":"ConjureBlade"},{"floor":28,"key":"REST"},{"floor":32,"key":"REST"},{"floor":40,"key":"REST"},{"floor":42,"key":"RECALL"}],"circlet_count":0,"win_rate":0,"killed_by":"Spire Growth"}