{"play_id":"de2202d4-ab56-4a77-b92c-819193aff7e5","build_version":"2020-01-27","seed_played":"-5077210421140808487","chose_seed":false,"seed_source_timestamp":0,"is_daily":false,"special_seed":0,"is_trial":false,"is_endless":false,"is_ascension_mode":true,"ascension_level":1,"neow_bonus":"RANDOM_COMMON_RELIC","neow_cost":"NONE","is_beta":false,"is_prod":false,"victory":false,"floor_reached":40,"score":555,"timestamp":1729016563,"local_time":"10/15/2024 18:22:43","playtime":2385,"player_experience":79893,"master_deck":["Defend_P","Defend_P","Defend_P","Eruption","Vigilance","Consecrate","CutThroughFate+1","Halt","PathToVictory","Devotion","ClearTheMind","ForeignInfluence","Prostrate","Weave","EmptyBody","Judgement+1","DeusExMachina","Consecrate","Crescendo+1","Ragnarok","Protect+1","Tantrum+1","Decay","Ghostly","Ghostly","Ghostly","Ghostly","Ghostly","Bite","Bite","Bite","Bite","Bite","SignatureMove+1","Brilliance","WaveOfTheHand+1","Madness","Madness","Mayhem"],"relics":["PureWater","Vajra","Regal Pillow","Dream Catcher","Bottled Lightning","Mummified Hand","Ectoplasm","Ornamental Fan","Kunai","Gremlin Horn","Sozu"],"gold":64,"campfire_rested":3,"campfire_upgraded":1,"purchased_purges":0,"potions_floor_spawned":[2,6,8,16,19,21,33,35],"potions_floor_usage":[18,24,25,25,40],"current_hp_per_floor":[72,72,58,58,56,56,54,32,32,23,59,59,59,43,72,13,72,71,66,47,21,21,57,41,24,24,24,24,24,24,25,25,25,25,25,17,14,24,24,0],"max_hp_per_floor":[72,72,72,72,72,72,72,72,72,72,72,72,72,72,72,72,72,72,72,72,72,72,72,72,72,72,72,36,25,25,25,25,25,25,25,25,25,25,25,25],"gold_per_floor":[116,130,130,140,154,185,200,232,232,242,242,257,257,292,292,395,395,395,395,395,395,320,320,320,320,320,320,320,320,64,64,64,64,64,64,64,64,64,64,64],"path_per_floor":["M","M","?","M","M","E","M","E","T","M","R","M","?","E","R","B",null,"M","M","M","M","?","R","E","M","T","?","?","?","$","M","R","B",null,"M","M","?","M","?","E"],"path_taken":["M","M","?","M","M","E","M","E","T","M","R","M","?","E","R","BOSS","M","M","?","M","?","R","E","M","T","?","?","?","$","M","R","BOSS","M","M","?","M","?","E"],"items_purchased":["Gremlin Horn"],"item_purchase_floors":[30],"items_purged":[],"items_purged_floors":[],"character_chosen":"WATCHER","card_choices":[{"picked":"Consecrate","not_picked":["ThirdEye","InnerPeace"],"floor":1},{"picked":"CutThroughFate","not_picked":["ForeignInfluence","WreathOfFlame"],"floor":2},{"picked":"Halt","not_picked":["Prostrate","Crescendo"],"floor":4},{"picked":"PathToVictory","not_picked":["Fasting2","FlurryOfBlows"],"floor":5},{"picked":"Devotion","not_picked":["Evaluate","EmptyMind"],"floor":6},{"picked":"ClearTheMind","not_picked":["CutThroughFate","WheelKick"],"floor":7},{"picked":"ForeignInfluence","not_picked":["WheelKick","BowlingBash"],"floor":8},{"picked":"SKIP","not_picked":["ThirdEye","PathToVictory","ForeignInfluence"],"floor":10},{"picked":"Prostrate","not_picked":["BowlingBash","JustLucky"],"floor":11},{"picked":"Weave","not_picked":["Sanctity","Perseverance"],"floor":12},{"picked":"EmptyBody","not_picked":["WreathOfFlame","InnerPeace"],"floor":14},{"picked":"Judgement","not_picked":["EmptyMind","TalkToTheHand"],"floor":15},{"picked":"DeusExMachina","not_picked":["Judgement","Brilliance"],"floor":16},{"picked":"Consecrate","not_picked":["EmptyBody","ClearTheMind"],"floor":18},{"picked":"Crescendo+1","not_picked":["Consecrate","FlyingSleeves"],"floor":19},{"picked":"SKIP","not_picked":["CrushJoints+1","EmptyBody+1","Prostrate"],"floor":20},{"picked":"Ragnarok","not_picked":["CutThroughFate","Crescendo+1"],"floor":21},{"picked":"Protect+1","not_picked":["EmptyFist","Consecrate"],"floor":24},{"picked":"Tantrum+1","not_picked":["LikeWater+1","Worship"],"floor":25},{"picked":"SignatureMove+1","not_picked":["Sanctity+1","Vault"],"floor":31},{"picked":"Brilliance","not_picked":["Ragnarok","MasterReality"],"floor":33},{"picked":"WaveOfTheHand+1","not_picked":["InnerPeace","Halt+1"],"floor":35},{"picked":"SKIP","not_picked":["InnerPeace","BowlingBash","BattleHymn"],"floor":36},{"picked":"SKIP","not_picked":["Evaluate+1","CrushJoints","ThirdEye"],"floor":38},{"picked":"Mayhem","not_picked":["Good Instincts","Impatience"],"floor":39}],"event_choices":[{"event_name":"Shining Light","player_choice":"Entered Light","floor":3,"cards_obtained":null,"cards_removed":null,"cards_transformed":null,"cards_upgraded":["CutThroughFate","Strike_P"],"relics_obtained":null,"potions_obtained":null,"relics_lost":null,"damage_taken":14,"damage_healed":0,"max_hp_loss":0,"max_hp_gain":0,"gold_gain":0,"gold_loss":0},{"event_name":"Purifier","player_choice":"Purged","floor":13,"cards_obtained":null,"cards_removed":["Defend_P"],"cards_transformed":null,"cards_upgraded":null,"relics_obtained":null,"potions_obtained":null,"relics_lost":null,"damage_taken":0,"damage_healed":0,"max_hp_loss":0,"max_hp_gain":0,"gold_gain":0,"gold_loss":0},{"event_name":"Beggar","player_choice":"Gave Gold","floor":22,"cards_obtained":null,"cards_removed":["Strike_P"],"cards_transformed":null,"cards_upgraded":null,"relics_obtained":null,"potions_obtained":null,"relics_lost":null,"damage_taken":0,"damage_healed":0,"max_hp_loss":0,"max_hp_gain":0,"gold_gain":0,"gold_loss":75},{"event_name":"Forgotten Altar","player_choice":"Smashed Altar","floor":27,"cards_obtained":["Decay"],"cards_removed":null,"cards_transformed":null,"cards_upgraded":null,"relics_obtained":null,"potions_obtained":null,"relics_lost":null,"damage_taken":0,"damage_healed":0,"max_hp_loss":0,"max_hp_gain":0,"gold_gain":0,"gold_loss":0},{"event_name":"Ghosts","player_choice":"Became a Ghost","floor":28,"cards_obtained":["Ghostly","Ghostly","Ghostly","Ghostly","Ghostly"],"cards_removed":null,"cards_transformed":null,"cards_upgraded":null,"relics_obtained":null,"potions_obtained":null,"relics_lost":null,"damage_taken":0,"damage_healed":0,"max_hp_loss":36,"max_hp_gain":0,"gold_gain":0,"gold_loss":0},{"event_name":"Vampires","player_choice":"Became a vampire","floor":29,"cards_obtained":["Bite","Bite","Bite","Bite","Bite"],"cards_removed":null,"cards_transformed":null,"cards_upgraded":null,"relics_obtained":null,"potions_obtained":null,"relics_lost":null,"damage_taken":0,"damage_healed":0,"max_hp_loss":11,"max_hp_gain":0,"gold_gain":0,"gold_loss":0},{"event_name":"Winding Halls","player_choice":"Embrace Madness","floor":37,"cards_obtained":["Madness","Madness"],"cards_removed":null,"cards_transformed":null,"cards_upgraded":null,"relics_obtained":null,"potions_obtained":null,"relics_lost":null,"damage_taken":3,"damage_healed":0,"max_hp_loss":0,"max_hp_gain":0,"gold_gain":0,"gold_loss":0},{"event_name":"SensoryStone","player_choice":"Memory 1","floor":39,"cards_obtained":null,"cards_removed":null,"cards_transformed":null,"cards_upgraded":null,"relics_obtained":null,"potions_obtained":null,"relics_lost":null,"damage_taken":0,"damage_healed":0,"max_hp_loss":0,"max_hp_gain":0,"gold_gain":0,"gold_loss":0}],"boss_relics":[{"picked":"Ectoplasm","not_picked":["VioletLotus","Snecko Eye"]},{"picked":"Sozu","not_picked":["Philosopher's Stone","SacredBark"]}],"damage_taken":[{"floor":1,"enemies":"Jaw Worm","damage":0,"turns":2},{"floor":2,"enemies":"2 Louse","damage":0,"turns":3},{"floor":4,"enemies":"Cultist","damage":0,"turns":2},{"floor":5,"enemies":"Looter","damage":2,"turns":2},{"floor":6,"enemies":"Gremlin Nob","damage":0,"turns":2},{"floor":7,"enemies":"Large Slime","damage":2,"turns":4},{"floor":8,"enemies":"3 Sentries","damage":22,"turns":4},{"floor":10,"enemies":"2 Fungi Beasts","damage":9,"turns":2},{"floor":12,"enemies":"Looter","damage":0,"turns":3},{"floor":14,"enemies":"Lagavulin","damage":16,"turns":5},{"floor":16,"enemies":"The Guardian","damage":59,"turns":9},{"floor":18,"enemies":"3 Byrds","damage":1,"turns":5},{"floor":19,"enemies":"Chosen","damage":5,"turns":7},{"floor":20,"enemies":"Centurion and Healer","damage":19,"turns":4},{"floor":21,"enemies":"Cultist and Chosen","damage":26,"turns":7},{"floor":24,"enemies":"Book of Stabbing","damage":16,"turns":4},{"floor":25,"enemies":"Snake Plant","damage":17,"turns":3},{"floor":31,"enemies":"Centurion and Healer","damage":2,"turns":3},{"floor":33,"enemies":"Champ","damage":1,"turns":9},{"floor":35,"enemies":"3 Darklings","damage":0,"turns":5},{"floor":36,"enemies":"3 Shapes","damage":15,"turns":5},{"floor":38,"enemies":"Maw","damage":0,"turns":7},{"floor":40,"enemies":"Nemesis","damage":93,"turns":2}],"potions_obtained":[{"key":"SneckoOil","floor":2},{"key":"BlessingOfTheForge","floor":6},{"key":"EssenceOfSteel","floor":8},{"key":"DuplicationPotion","floor":16},{"key":"AttackPotion","floor":19},{"key":"Block Potion","floor":21},{"key":"ColorlessPotion","floor":33}],"relics_obtained":[{"key":"Regal Pillow","floor":6},{"key":"Dream Catcher","floor":8},{"key":"Bottled Lightning","floor":9},{"key":"Mummified Hand","floor":14},{"key":"Ornamental Fan","floor":24},{"key":"Kunai","floor":26}],"campfire_choices":[{"floor":11,"key":"REST"},{"floor":15,"key":"REST"},{"floor":23,"key":"REST"},{"floor":32,"key":"SMITH","data":"Judgement"}],"circlet_count":0,"win_rate":0,"killed_by":"Nemesis"}