{"play_id":"06455dad-af3e-42a4-99e9-3cf9acfff9ad","build_version":"2020-01-27","seed_played":"5385244988820766999","chose_seed":false,"seed_source_timestamp":0,"is_daily":false,"special_seed":0,"is_trial":false,"is_endless":false,"is_ascension_mode":true,"ascension_level":2,"neow_bonus":"RANDOM_COMMON_RELIC","neow_cost":"NONE","is_beta":false,"is_prod":false,"victory":false,"floor_reached":55,"score":893,"timestamp":1730067312,"local_time":"20241027221512","playtime":3196,"player_experience":90447,"master_deck":["Strike_P+1","Defend_P","Defend_P+1","Defend_P","Eruption+1","Vigilance+1","Vengeance","EmptyFist+1","Prostrate","MentalFortress","Meditate","FlurryOfBlows","SandsOfTime","Judgement","CutThroughFate+1","ForeignInfluence","ReachHeaven+1","Ragnarok+1","Protect","Establishment","Conclude+1","Adaptation","ClearTheMind+1","Injury","Writhe","Parasite","ForeignInfluence+1"],"relics":["PureWater","Boot","Whetstone","Orichalcum","Oddly Smooth Stone","Dead Branch","War Paint","MawBank","VioletLotus","Incense Burner","Red Mask","Vajra","Tiny Chest","The Courier","Lantern","Cursed Key","Bird Faced Urn","Torii","Regal Pillow","Blood Vial","Letter Opener","Question Card","Bronze Scales"],"gold":39,"campfire_rested":7,"campfire_upgraded":2,"purchased_purges":2,"potions_floor_spawned":[6,8,11,14,20,22,33,35,48],"potions_floor_usage":[55],"current_hp_per_floor":[72,72,72,72,72,18,39,13,13,13,2,2,23,13,34,6,72,72,72,60,41,15,7,7,28,28,28,28,28,49,49,70,45,72,55,32,36,36,36,72,72,72,72,64,59,59,59,62,62,55,72,72,72,61,0],"max_hp_per_floor":[72,72,72,72,72,72,72,72,72,72,72,72,72,72,72,72,72,72,72,72,72,72,72,72,72,72,72,72,72,72,72,72,72,72,72,72,72,72,72,72,72,72,72,72,72,72,72,72,72,72,72,72,72,72,72],"gold_per_floor":[117,117,135,67,17,51,51,77,102,114,171,198,198,231,243,352,364,390,36,50,62,88,114,39,39,62,113,142,21,21,40,40,137,137,157,204,219,219,20,20,20,50,50,77,91,91,49,65,65,65,65,65,5,39,39],"path_per_floor":["M","?","M","$","?","E","R","E","T","M","?","E","R","E","R","B","ul","M","$","M","M","?","E","?","R","T","T","E","$","R","M","R","B","ul","M","?","M","T","$","R","?","E","T","E","M","R","$","M","R","B","ul","R","$","E","B"],"path_taken":["M","?","?","$","?","E","R","E","T","M","?","E","R","E","R","BOSS","M","$","M","M","?","E","?","R","T","?","E","?","R","?","R","BOSS","M","?","M","?","?","R","?","E","T","E","?","R","$","M","R","BOSS","R","$","E","BOSS"],"items_purchased":["SignatureMove","Incense Burner","Lantern","Regal Pillow","FearPotion","LiquidMemories"],"item_purchase_floors":[4,19,29,39,47,53],"items_purged":["Defend_P","Strike_P"],"items_purged_floors":[19,39],"character_chosen":"WATCHER","card_choices":[{"not_picked":["Crescendo","Halt"],"picked":"Vengeance","floor":1},{"not_picked":["Fasting2","FlyingSleeves"],"picked":"EmptyFist","floor":3},{"not_picked":["BowlingBash","Ragnarok"],"picked":"Prostrate","floor":6},{"not_picked":["BowlingBash","WheelKick"],"picked":"MentalFortress","floor":8},{"not_picked":["BowlingBash","FlyingSleeves"],"picked":"Meditate","floor":10},{"not_picked":["Crescendo","Establishment"],"picked":"FlurryOfBlows","floor":12},{"not_picked":["FlyingSleeves","EmptyMind"],"picked":"SandsOfTime","floor":14},{"not_picked":["DevaForm","Blasphemy"],"picked":"Judgement","floor":16},{"not_picked":["BowlingBash","FlyingSleeves"],"picked":"CutThroughFate+1","floor":18},{"not_picked":["EmptyBody","FlurryOfBlows"],"picked":"ForeignInfluence","floor":20},{"not_picked":["FlyingSleeves","EmptyFist+1"],"picked":"ReachHeaven+1","floor":21},{"not_picked":["ThirdEye","InnerPeace"],"picked":"Ragnarok","floor":22},{"not_picked":["BowlingBash+1","Collect","MasterReality"],"picked":"SKIP","floor":23},{"picked":"Protect","not_picked":["LikeWater","FlurryOfBlows"],"floor":28},{"picked":"SKIP","not_picked":["CrushJoints","ConjureBlade","SignatureMove"],"floor":31},{"picked":"Establishment","not_picked":["LessonLearned","Judgement"],"floor":33},{"picked":"Conclude+1","not_picked":["Consecrate","Adaptation+1"],"floor":35},{"picked":"Adaptation","not_picked":["CrushJoints+1","Sanctity"],"floor":36},{"picked":"ClearTheMind+1","not_picked":["Halt+1","Vengeance+1"],"floor":37},{"picked":"SKIP","not_picked":["Protect","Meditate","MentalFortress+1"],"floor":42},{"picked":"SKIP","not_picked":["Adaptation+1","SashWhip+1","SignatureMove"],"floor":44},{"picked":"SKIP","not_picked":["JustLucky","Pray","EmptyMind","Consecrate"],"floor":45},{"picked":"SKIP","not_picked":["Worship+1","SashWhip","FlurryOfBlows+1","ThirdEye"],"floor":48},{"picked":"ForeignInfluence+1","not_picked":["CutThroughFate+1","Collect+1","ClearTheMind"],"floor":54}],"event_choices":[{"damage_healed":0,"max_hp_gain":0,"max_hp_loss":0,"gold_gain":0,"event_name":"The Woman in Blue","player_choice":"Bought 0 Potions","floor":2,"gold_loss":0,"damage_taken":0},{"cards_removed":["Strike_P"],"damage_healed":0,"max_hp_gain":0,"max_hp_loss":0,"gold_gain":0,"event_name":"The Cleric","player_choice":"Card Removal","floor":5,"gold_loss":50,"damage_taken":0},{"damage_healed":0,"max_hp_gain":0,"max_hp_loss":0,"gold_gain":0,"event_name":"Dead Adventurer","player_choice":"Searched u00272u0027 times","floor":11,"gold_loss":0,"damage_taken":0},{"damage_healed":0,"max_hp_gain":0,"max_hp_loss":0,"gold_gain":0,"event_name":"Masked Bandits","player_choice":"Fought Bandits","floor":22,"gold_loss":0,"damage_taken":0},{"cards_removed":["Strike_P"],"damage_healed":0,"gold_gain":0,"player_choice":"Gave Gold","damage_taken":0,"max_hp_gain":0,"max_hp_loss":0,"event_name":"Beggar","floor":24,"gold_loss":75},{"event_name":"Mysterious Sphere","player_choice":"Fight","floor":36,"cards_obtained":null,"cards_removed":null,"cards_transformed":null,"cards_upgraded":null,"relics_obtained":null,"potions_obtained":null,"relics_lost":null,"damage_taken":0,"damage_healed":0,"max_hp_loss":0,"max_hp_gain":0,"gold_gain":0,"gold_loss":0},{"event_name":"Bonfire Elementals","player_choice":"Offered Uncommon","floor":41,"cards_obtained":null,"cards_removed":["SignatureMove"],"cards_transformed":null,"cards_upgraded":null,"relics_obtained":null,"potions_obtained":null,"relics_lost":null,"damage_taken":0,"damage_healed":0,"max_hp_loss":0,"max_hp_gain":0,"gold_gain":0,"gold_loss":0}],"boss_relics":[{"not_picked":["Fusion Hammer","Astrolabe"],"picked":"VioletLotus"},{"picked":"Cursed Key","not_picked":["Pandora's Box","Runic Pyramid"]}],"damage_taken":[{"damage":0,"enemies":"Small Slimes","floor":1,"turns":2},{"damage":0,"enemies":"Cultist","floor":3,"turns":4},{"damage":54,"enemies":"Lagavulin","floor":6,"turns":8},{"damage":26,"enemies":"3 Sentries","floor":8,"turns":5},{"damage":0,"enemies":"2 Louse","floor":10,"turns":2},{"damage":11,"enemies":"3 Sentries","floor":11,"turns":6},{"damage":0,"enemies":"Gremlin Nob","floor":12,"turns":2},{"damage":10,"enemies":"Lagavulin","floor":14,"turns":6},{"damage":28,"enemies":"The Guardian","floor":16,"turns":8},{"damage":0,"enemies":"Chosen","floor":18,"turns":3},{"damage":12,"enemies":"Shell Parasite","floor":20,"turns":3},{"damage":19,"enemies":"Snake Plant","floor":21,"turns":3},{"damage":26,"enemies":"Masked Bandits","floor":22,"turns":4},{"damage":8,"enemies":"Slavers","floor":23,"turns":3},{"floor":28,"enemies":"Gremlin Leader","damage":0,"turns":3},{"floor":31,"enemies":"Centurion and Healer","damage":0,"turns":4},{"floor":33,"enemies":"Automaton","damage":25,"turns":5},{"floor":35,"enemies":"3 Shapes","damage":17,"turns":2},{"floor":36,"enemies":"2 Orb Walkers","damage":23,"turns":4},{"floor":37,"enemies":"3 Darklings","damage":0,"turns":3},{"floor":42,"enemies":"Reptomancer","damage":0,"turns":3},{"floor":44,"enemies":"Giant Head","damage":8,"turns":6},{"floor":45,"enemies":"Transient","damage":9,"turns":5},{"floor":48,"enemies":"Writhing Mass","damage":1,"turns":4},{"floor":50,"enemies":"Donu and Deca","damage":15,"turns":5},{"floor":54,"enemies":"Shield and Spear","damage":12,"turns":4},{"floor":55,"enemies":"The Heart","damage":73,"turns":3}],"potions_obtained":[{"floor":6,"key":"AttackPotion"},{"floor":8,"key":"Strength Potion"},{"floor":11,"key":"Block Potion"},{"floor":14,"key":"BottledMiracle"},{"floor":20,"key":"FearPotion"},{"floor":22,"key":"SteroidPotion"},{"key":"Swift Potion","floor":33},{"key":"SneckoOil","floor":35},{"key":"CultistPotion","floor":48}],"relics_obtained":[{"floor":6,"key":"Whetstone"},{"floor":8,"key":"Orichalcum"},{"floor":9,"key":"Oddly Smooth Stone"},{"floor":11,"key":"Dead Branch"},{"floor":12,"key":"War Paint"},{"floor":14,"key":"MawBank"},{"floor":22,"key":"Red Mask"},{"floor":23,"key":"Vajra"},{"floor":27,"key":"Tiny Chest"},{"key":"The Courier","floor":28},{"key":"Bird Faced Urn","floor":36},{"key":"Torii","floor":38},{"key":"Blood Vial","floor":42},{"key":"Letter Opener","floor":43},{"key":"Question Card","floor":44},{"key":"Bronze Scales","floor":54}],"campfire_choices":[{"floor":7,"key":"REST"},{"floor":13,"key":"REST"},{"floor":15,"key":"REST"},{"floor":25,"key":"REST"},{"floor":30,"key":"REST"},{"floor":32,"key":"REST"},{"floor":40,"key":"REST"},{"floor":46,"key":"SMITH","data":"Eruption"},{"floor":49,"key":"RECALL"},{"floor":52,"key":"SMITH","data":"Ragnarok"}],"circlet_count":0,"win_rate":0,"killed_by":"The Heart"}