{"play_id":"969132a0-33b8-4207-b779-3e0947957e7d","build_version":"2020-01-27","seed_played":"3471992614340209826","chose_seed":false,"seed_source_timestamp":7494962552192,"is_daily":false,"special_seed":0,"is_trial":false,"is_endless":false,"is_ascension_mode":true,"ascension_level":3,"neow_bonus":"THREE_RARE_CARDS","neow_cost":"NO_GOLD","is_beta":false,"is_prod":false,"victory":false,"floor_reached":24,"score":336,"timestamp":1730399634,"local_time":"10/31/2024 18:33:54","playtime":834,"player_experience":93643,"master_deck":["Defend_P","Defend_P","Defend_P","Defend_P","Eruption+1","Vigilance","Omniscience+1","Prostrate","InnerPeace","ReachHeaven+1","FearNoEvil+1","Blasphemy","Brilliance+1","ThirdEye","Bite+1","Bite+1","Bite+1","Bite+1","Bite+1","Consecrate+1"],"relics":["PureWater","Tiny Chest","Molten Egg 2","Bottled Flame","Mercury Hourglass","Whetstone","Juzu Bracelet","Black Star","Enchiridion","CaptainsWheel","Omamori","Meat on the Bone"],"gold":308,"campfire_rested":1,"campfire_upgraded":1,"purchased_purges":0,"potions_floor_spawned":[1,7,10],"potions_floor_usage":[],"current_hp_per_floor":[69,69,69,69,69,69,21,18,18,3,3,3,3,3,24,24,72,61,45,45,39,39,28,0],"max_hp_per_floor":[72,72,72,72,72,72,72,72,72,72,72,72,72,72,72,72,72,72,72,50,50,50,50,50],"gold_per_floor":[10,10,26,26,51,51,77,88,168,203,153,153,228,228,228,323,323,341,341,341,359,274,308,308],"path_per_floor":["M","?","M","$","T","R","E","M","T","E","?","T","?","T","R","B","ul","M","?","?","M","?","E","M"],"path_taken":["M","?","?","$","?","R","E","M","T","E","?","?","?","?","R","BOSS","M","?","?","M","?","E","M"],"items_purchased":[],"item_purchase_floors":[],"items_purged":[],"items_purged_floors":[],"character_chosen":"WATCHER","card_choices":[{"picked":"Omniscience","not_picked":["Wish","Vault"],"floor":0},{"picked":"Prostrate","not_picked":["WreathOfFlame","CrushJoints"],"floor":1},{"picked":"InnerPeace","not_picked":["PathToVictory","WaveOfTheHand"],"floor":3},{"picked":"ReachHeaven+1","not_picked":["Nirvana","EmptyBody"],"floor":7},{"picked":"FearNoEvil+1","not_picked":["Prostrate","Consecrate+1"],"floor":8},{"picked":"Blasphemy","not_picked":["Wireheading","FlyingSleeves+1"],"floor":10},{"picked":"Brilliance+1","not_picked":["LessonLearned+1","Establishment"],"floor":16},{"picked":"ThirdEye","not_picked":["Weave+1","Nirvana"],"floor":18},{"picked":"SKIP","not_picked":["EmptyBody","DeceiveReality","CutThroughFate+1"],"floor":21},{"picked":"Consecrate+1","not_picked":["Halt+1","Crescendo"],"floor":23}],"event_choices":[{"event_name":"Upgrade Shrine","player_choice":"Upgraded","floor":2,"cards_obtained":null,"cards_removed":null,"cards_transformed":null,"cards_upgraded":["Eruption"],"relics_obtained":null,"potions_obtained":null,"relics_lost":null,"damage_taken":0,"damage_healed":0,"max_hp_loss":0,"max_hp_gain":0,"gold_gain":0,"gold_loss":0},{"event_name":"The Cleric","player_choice":"Card Removal","floor":11,"cards_obtained":null,"cards_removed":["Strike_P"],"cards_transformed":null,"cards_upgraded":null,"relics_obtained":null,"potions_obtained":null,"relics_lost":null,"damage_taken":0,"damage_healed":0,"max_hp_loss":0,"max_hp_gain":0,"gold_gain":0,"gold_loss":50},{"event_name":"Golden Wing","player_choice":"Gained Gold","floor":13,"cards_obtained":null,"cards_removed":null,"cards_transformed":null,"cards_upgraded":null,"relics_obtained":null,"potions_obtained":null,"relics_lost":null,"damage_taken":0,"damage_healed":0,"max_hp_loss":0,"max_hp_gain":0,"gold_gain":75,"gold_loss":0},{"event_name":"Cursed Tome","player_choice":"Obtained Book","floor":19,"cards_obtained":null,"cards_removed":null,"cards_transformed":null,"cards_upgraded":null,"relics_obtained":null,"potions_obtained":null,"relics_lost":null,"damage_taken":16,"damage_healed":0,"max_hp_loss":0,"max_hp_gain":0,"gold_gain":0,"gold_loss":0},{"event_name":"Vampires","player_choice":"Became a vampire","floor":20,"cards_obtained":["Bite","Bite","Bite","Bite","Bite"],"cards_removed":null,"cards_transformed":null,"cards_upgraded":null,"relics_obtained":null,"potions_obtained":null,"relics_lost":null,"damage_taken":0,"damage_healed":0,"max_hp_loss":22,"max_hp_gain":0,"gold_gain":0,"gold_loss":0},{"event_name":"Addict","player_choice":"Obtained Relic","floor":22,"cards_obtained":null,"cards_removed":null,"cards_transformed":null,"cards_upgraded":null,"relics_obtained":["CaptainsWheel"],"potions_obtained":null,"relics_lost":null,"damage_taken":0,"damage_healed":0,"max_hp_loss":0,"max_hp_gain":0,"gold_gain":0,"gold_loss":85}],"boss_relics":[{"picked":"Black Star","not_picked":["Fusion Hammer","Empty Cage"]}],"damage_taken":[{"floor":1,"enemies":"2 Louse","damage":3,"turns":3},{"floor":3,"enemies":"Cultist","damage":0,"turns":3},{"floor":7,"enemies":"Gremlin Nob","damage":48,"turns":4},{"floor":8,"enemies":"Small Slimes","damage":3,"turns":3},{"floor":10,"enemies":"Lagavulin","damage":15,"turns":3},{"floor":16,"enemies":"Hexaghost","damage":0,"turns":2},{"floor":18,"enemies":"2 Thieves","damage":11,"turns":2},{"floor":21,"enemies":"3 Byrds","damage":15,"turns":3},{"floor":23,"enemies":"Gremlin Leader","damage":41,"turns":7},{"floor":24,"enemies":"Shelled Parasite and Fungi","damage":38,"turns":1}],"potions_obtained":[{"key":"BottledMiracle","floor":1},{"key":"FearPotion","floor":7},{"key":"DistilledChaos","floor":10}],"relics_obtained":[{"key":"Tiny Chest","floor":5},{"key":"Molten Egg 2","floor":7},{"key":"Bottled Flame","floor":9},{"key":"Mercury Hourglass","floor":10},{"key":"Whetstone","floor":12},{"key":"Juzu Bracelet","floor":14},{"key":"Enchiridion","floor":19},{"key":"Omamori","floor":23},{"key":"Meat on the Bone","floor":23}],"campfire_choices":[{"floor":6,"key":"SMITH","data":"Omniscience"},{"floor":15,"key":"REST"}],"circlet_count":0,"win_rate":0,"killed_by":"Shelled Parasite and Fungi"}