{"gold_per_floor":[219,219,233,5,5,35,35,55,55,55,117,127,127,127,127,230,230,244,22,36,52,79,111,111,136,136,136,170,85,8,26,26,130,130,146,491,510,521,4,4,17,49,72,82,112,334,334,384,384,384],"floor_reached":51,"playtime":4038,"items_purged":["Strike_P","Strike_P"],"score":822,"play_id":"9ec5a121-5f4f-450e-bb5d-3371ff4d9b7f","local_time":"20241027174151","is_ascension_mode":true,"campfire_choices":[{"floor":13,"key":"REST"},{"data":"BattleHymn","floor":15,"key":"SMITH"},{"floor":27,"key":"REST"},{"floor":32,"key":"REST"},{"data":"DevaForm","floor":40,"key":"SMITH"},{"floor":49,"key":"REST"}],"neow_cost":"NONE","seed_source_timestamp":0,"circlet_count":0,"master_deck":["Strike_P","Strike_P","Defend_P","Defend_P","Eruption+1","Vigilance+1","EmptyFist","Halt","WheelKick","BattleHymn+1","InnerPeace+1","SashWhip","Establishment","ReachHeaven","Protect","Worship+1","FollowUp","RitualDagger","DeusExMachina","Indignation+1","DeusExMachina","BowlingBash+1","TalkToTheHand","Swivel+1","DevaForm+1","Violence","SandsOfTime+1","Parasite","Omniscience","Apotheosis"],"special_seed":0,"relics":["HolyWater","Potion Belt","Question Card","Mercury Hourglass","HornCleat","Art of War","Empty Cage","Membership Card","Strawberry","Red Mask","White Beast Statue","Mango","Blood Vial","War Paint","PreservedInsect","Orichalcum","Old Coin","Bag of Marbles","Pantograph","Medical Kit","Calipers","Juzu Bracelet","Bottled Tornado","Turnip"],"potions_floor_usage":[50,50,50],"damage_taken":[{"damage":0,"enemies":"Cultist","floor":1,"turns":2},{"damage":3,"enemies":"Jaw Worm","floor":3,"turns":3},{"damage":24,"enemies":"Gremlin Nob","floor":6,"turns":5},{"damage":3,"enemies":"Small Slimes","floor":8,"turns":3},{"damage":0,"enemies":"3 Sentries","floor":11,"turns":3},{"damage":2,"enemies":"2 Fungi Beasts","floor":12,"turns":2},{"damage":29,"enemies":"The Guardian","floor":16,"turns":8},{"damage":7,"enemies":"3 Byrds","floor":18,"turns":4},{"damage":0,"enemies":"Spheric Guardian","floor":20,"turns":2},{"damage":7,"enemies":"Centurion and Healer","floor":21,"turns":4},{"damage":4,"enemies":"Masked Bandits","floor":22,"turns":3},{"damage":20,"enemies":"Book of Stabbing","floor":23,"turns":5},{"damage":27,"enemies":"Gremlin Leader","floor":25,"turns":5},{"damage":17,"enemies":"Book of Stabbing","floor":28,"turns":4},{"damage":0,"enemies":"3 Cultists","floor":31,"turns":3},{"damage":73,"enemies":"Collector","floor":33,"turns":9},{"damage":5,"enemies":"3 Shapes","floor":35,"turns":2},{"damage":17,"enemies":"2 Orb Walkers","floor":36,"turns":4},{"damage":6,"enemies":"3 Darklings","floor":37,"turns":5},{"damage":2,"enemies":"Maw","floor":38,"turns":8},{"damage":3,"enemies":"Transient","floor":41,"turns":5},{"damage":21,"enemies":"Nemesis","floor":42,"turns":3},{"damage":2,"enemies":"Writhing Mass","floor":44,"turns":3},{"damage":17,"enemies":"Giant Head","floor":45,"turns":6},{"damage":3,"enemies":"Mind Bloom Boss Battle","floor":48,"turns":5},{"damage":58,"enemies":"Donu and Deca","floor":50,"turns":6}],"seed_played":"5914563907696846289","potions_obtained":[{"floor":3,"key":"FairyPotion"},{"floor":6,"key":"Explosive Potion"},{"floor":18,"key":"Energy Potion"},{"floor":20,"key":"Weak Potion"},{"floor":25,"key":"Weak Potion"},{"floor":28,"key":"GamblersBrew"},{"floor":31,"key":"SpeedPotion"},{"floor":33,"key":"PowerPotion"},{"floor":35,"key":"Fire Potion"},{"floor":36,"key":"Dexterity Potion"},{"floor":37,"key":"SkillPotion"},{"floor":38,"key":"Dexterity Potion"},{"floor":41,"key":"FairyPotion"},{"floor":42,"key":"LiquidMemories"},{"floor":44,"key":"DistilledChaos"},{"floor":45,"key":"AttackPotion"},{"floor":48,"key":"AttackPotion"}],"is_trial":false,"path_per_floor":["M","?","M","$","?","E","?","M","T","?","?","M","R","T","R","B",null,"M","$","M","M","?","E","?","E","T","R","E","?","$","M","R","B",null,"M","?","M","M","$","R","M","E","T","M","E","?","?","?","R","B",null],"character_chosen":"WATCHER","items_purchased":["Potion Belt","Membership Card","Strawberry","Orichalcum","Bag of Marbles","DevaForm","Violence","Pantograph","Medical Kit","AttackPotion"],"campfire_rested":4,"item_purchase_floors":[4,19,19,30,39,39,39,39,39,39],"current_hp_per_floor":[72,72,69,69,62,38,38,35,35,40,40,38,61,61,61,32,77,70,77,77,70,66,46,40,27,27,56,41,41,41,43,72,1,98,93,78,74,74,74,74,73,54,54,54,39,39,39,63,92,40],"gold":384,"neow_bonus":"HUNDRED_GOLD","is_prod":false,"is_daily":false,"chose_seed":false,"campfire_upgraded":2,"win_rate":0,"timestamp":1730047311,"path_taken":["M","?","?","$","?","E","?","M","T","?","?","?","R","?","R","BOSS","M","$","M","?","?","E","?","E","T","R","E","?","?","M","R","BOSS","M","?","M","M","$","R","M","E","T","M","E","?","?","?","R","BOSS"],"build_version":"2022-12-18","purchased_purges":2,"victory":true,"max_hp_per_floor":[72,72,72,72,72,72,72,72,72,77,77,77,77,77,77,77,77,77,84,84,84,84,84,84,98,98,98,98,98,98,98,98,98,98,98,98,98,98,98,98,98,98,98,98,98,98,98,98,98,98],"card_choices":[{"not_picked":["ThirdEye","Consecrate"],"picked":"EmptyFist","floor":1},{"not_picked":["PathToVictory","CutThroughFate"],"picked":"Halt","floor":3},{"not_picked":["SashWhip","Perseverance","ThirdEye"],"picked":"WheelKick","floor":6},{"not_picked":["Protect","JustLucky","EmptyFist"],"picked":"BattleHymn","floor":8},{"not_picked":["Study","FlyingSleeves","Devotion"],"picked":"InnerPeace","floor":11},{"not_picked":["EmptyFist","Crescendo","CutThroughFate"],"picked":"SashWhip","floor":12},{"not_picked":["Blasphemy","LessonLearned","Scrawl"],"picked":"Establishment","floor":16},{"not_picked":["Pray","Consecrate+1","Adaptation+1"],"picked":"ReachHeaven","floor":18},{"not_picked":["WaveOfTheHand","SignatureMove","Collect"],"picked":"Protect","floor":20},{"not_picked":["BowlingBash","Adaptation","JustLucky"],"picked":"Worship+1","floor":21},{"not_picked":["InnerPeace","FearNoEvil","BowlingBash"],"picked":"FollowUp","floor":23},{"not_picked":["EmptyMind+1","Halt","Conclude"],"picked":"DeusExMachina","floor":25},{"not_picked":["EmptyFist","EmptyMind","Tantrum","CrushJoints"],"picked":"SKIP","floor":28},{"not_picked":["FearNoEvil","Study","Vengeance"],"picked":"Indignation+1","floor":31},{"not_picked":["LessonLearned","SpiritShield","Vault"],"picked":"DeusExMachina","floor":33},{"not_picked":["PathToVictory+1","FlyingSleeves+1","ThirdEye"],"picked":"BowlingBash+1","floor":35},{"not_picked":["Nirvana","EmptyMind","ReachHeaven+1"],"picked":"TalkToTheHand","floor":36},{"not_picked":["SashWhip+1","FlyingSleeves+1","EmptyBody","EmptyFist"],"picked":"SKIP","floor":37},{"not_picked":["ThirdEye+1","JustLucky","Crescendo+1"],"picked":"Swivel+1","floor":38},{"not_picked":["EmptyBody","PathToVictory","InnerPeace+1"],"picked":"SandsOfTime+1","floor":41},{"not_picked":["SashWhip+1","CutThroughFate+1","CrushJoints+1","DeceiveReality+1"],"picked":"SKIP","floor":42},{"not_picked":["Weave+1","FearNoEvil","Halt+1"],"picked":"Omniscience","floor":44},{"not_picked":["FlurryOfBlows+1","Prostrate+1","ThirdEye","JustLucky+1"],"picked":"SKIP","floor":45},{"not_picked":["Dramatic Entrance","Good Instincts","Discovery"],"picked":"Apotheosis","floor":47}],"player_experience":86409,"relics_obtained":[{"floor":6,"key":"Mercury Hourglass"},{"floor":9,"key":"HornCleat"},{"floor":11,"key":"Art of War"},{"floor":22,"key":"Red Mask"},{"floor":23,"key":"White Beast Statue"},{"floor":25,"key":"Mango"},{"floor":26,"key":"Blood Vial"},{"floor":28,"key":"War Paint"},{"floor":36,"key":"Old Coin"},{"floor":42,"key":"Calipers"},{"floor":43,"key":"Juzu Bracelet"},{"floor":45,"key":"Bottled Tornado"},{"floor":48,"key":"Turnip"}],"event_choices":[{"damage_healed":0,"max_hp_gain":0,"max_hp_loss":0,"gold_gain":0,"event_name":"Accursed Blacksmith","player_choice":"Forge","floor":2,"gold_loss":0,"damage_taken":0,"cards_upgraded":["Eruption"]},{"damage_healed":0,"max_hp_gain":0,"max_hp_loss":0,"gold_gain":0,"event_name":"Scrap Ooze","player_choice":"Success","floor":5,"gold_loss":0,"damage_taken":7,"relics_obtained":["Question Card"]},{"damage_healed":0,"max_hp_gain":0,"max_hp_loss":0,"gold_gain":0,"event_name":"Shining Light","player_choice":"Ignored","floor":7,"gold_loss":0,"damage_taken":0},{"damage_healed":0,"max_hp_gain":5,"max_hp_loss":0,"gold_gain":0,"event_name":"Big Fish","player_choice":"Donut","floor":10,"gold_loss":0,"damage_taken":0},{"damage_healed":0,"max_hp_gain":0,"max_hp_loss":0,"gold_gain":0,"event_name":"Dead Adventurer","player_choice":"Searched '1' times","floor":11,"gold_loss":0,"damage_taken":0},{"damage_healed":0,"max_hp_gain":0,"max_hp_loss":0,"gold_gain":0,"event_name":"Masked Bandits","player_choice":"Fought Bandits","floor":22,"gold_loss":0,"damage_taken":0},{"damage_healed":0,"max_hp_gain":0,"max_hp_loss":0,"gold_gain":0,"event_name":"Nest","player_choice":"Joined the Cult","floor":24,"gold_loss":0,"damage_taken":6,"cards_obtained":["RitualDagger"]},{"damage_healed":0,"max_hp_gain":0,"max_hp_loss":0,"gold_gain":0,"event_name":"Addict","player_choice":"Obtained Relic","floor":29,"gold_loss":85,"damage_taken":0,"relics_obtained":["PreservedInsect"]},{"damage_healed":0,"max_hp_gain":0,"max_hp_loss":0,"gold_gain":0,"event_name":"Mysterious Sphere","player_choice":"Fight","floor":36,"gold_loss":0,"damage_taken":0},{"damage_healed":0,"max_hp_gain":0,"max_hp_loss":0,"gold_gain":222,"event_name":"Tomb of Lord Red Mask","player_choice":"Wore Mask","floor":46,"gold_loss":0,"damage_taken":0},{"damage_healed":0,"max_hp_gain":0,"max_hp_loss":0,"gold_gain":0,"event_name":"SensoryStone","player_choice":"Memory 1","floor":47,"gold_loss":0,"damage_taken":0},{"damage_healed":0,"max_hp_gain":0,"max_hp_loss":0,"gold_gain":0,"event_name":"MindBloom","player_choice":"Fight","floor":48,"gold_loss":0,"damage_taken":0}],"is_beta":false,"boss_relics":[{"not_picked":["Snecko Eye","Runic Dome"],"picked":"Empty Cage"},{"not_picked":["Calling Bell","SlaversCollar"],"picked":"HolyWater"}],"items_purged_floors":[4,39],"is_endless":false,"potions_floor_spawned":[3,6,18,20,25,28,31,33,35,36,37,38,41,42,44,45,48],"ascension_level":1}