{"play_id":"3699014c-0b3f-42c0-a805-a2a9eef4a09d","build_version":"2020-01-27","seed_played":"-1401267715077367860","chose_seed":false,"seed_source_timestamp":7507297639623,"is_daily":false,"special_seed":null,"is_trial":false,"is_endless":false,"is_ascension_mode":true,"ascension_level":3,"neow_bonus":"RANDOM_COMMON_RELIC","neow_cost":"NONE","is_beta":false,"is_prod":false,"victory":false,"floor_reached":33,"score":390,"timestamp":1730401219,"local_time":"20241031190019","playtime":1567,"player_experience":94477,"master_deck":["Defend_P","Defend_P","Defend_P","Eruption+1","Vigilance","ClearTheMind","Swivel","SignatureMove","DeusExMachina","WheelKick","MentalFortress","Fasting2","FlurryOfBlows","Ragnarok+1","SashWhip+1","Crescendo","Protect+1","CarveReality","FlurryOfBlows+1","Vault","Bite","Bite","Bite","Bite","Bite"],"relics":["HolyWater","Dream Catcher","Ice Cream","Mummified Hand","Ornamental Fan","Orichalcum","Gremlin Horn","Bronze Scales","GoldenEye","Pear","Bird Faced Urn"],"gold":65,"campfire_rested":4,"campfire_upgraded":2,"purchased_purges":0,"potions_floor_spawned":[2,6,8,12,16,18,21,31],"potions_floor_usage":[14,16,16,21,22,28,33],"current_hp_per_floor":[65,61,54,43,43,18,18,8,8,29,29,23,44,44,44,12,72,64,53,53,50,33,18,11,11,11,32,15,39,39,42,42,0],"max_hp_per_floor":[72,72,72,72,72,72,72,72,72,72,72,72,72,72,72,72,72,72,72,72,72,72,72,72,72,72,72,82,82,57,57,57,57],"gold_per_floor":[110,124,124,199,209,237,237,262,262,262,281,291,291,311,311,416,416,433,443,43,60,75,105,117,0,0,0,32,32,32,65,65,65],"path_per_floor":["M","M","?","?","M","E","?","E","T","R","M","M","R","M","R","B",null,"M","M","$","M","M","E","M","?","T","R","E","R","?","E","R","B"],"path_taken":["M","?","?","?","M","E","?","E","T","R","M","M","R","?","R","BOSS","M","M","$","M","M","E","?","?","T","R","E","R","?","E","R","BOSS"],"items_purchased":["Orichalcum","Gremlin Horn"],"item_purchase_floors":[20,20],"items_purged":[],"items_purged_floors":[],"character_chosen":"WATCHER","card_choices":[{"picked":"ClearTheMind","not_picked":["PathToVictory","Evaluate"],"floor":1},{"picked":"Swivel","not_picked":["Meditate","Wallop"],"floor":2},{"picked":"SignatureMove","not_picked":["Indignation","Prostrate"],"floor":5},{"picked":"DeusExMachina","not_picked":["Indignation","Meditate"],"floor":6},{"picked":"WheelKick","not_picked":["Study","Prostrate"],"floor":8},{"picked":"MentalFortress","not_picked":["ClearTheMind","PathToVictory"],"floor":10},{"picked":"SKIP","not_picked":["JustLucky","ReachHeaven","Evaluate"],"floor":11},{"picked":"Fasting2","not_picked":["Consecrate","Wireheading"],"floor":12},{"picked":"FlurryOfBlows","not_picked":["JustLucky","CutThroughFate"],"floor":13},{"picked":"SKIP","not_picked":["ReachHeaven","FlyingSleeves","Study"],"floor":14},{"picked":"Ragnarok","not_picked":["Establishment","Judgement"],"floor":16},{"picked":"SashWhip+1","not_picked":["CrushJoints","Pray"],"floor":18},{"picked":"Crescendo","not_picked":["Swivel","CutThroughFate+1"],"floor":19},{"picked":"Protect+1","not_picked":["CutThroughFate","BowlingBash"],"floor":21},{"picked":"SKIP","not_picked":["Consecrate+1","CutThroughFate+1","CrushJoints+1"],"floor":22},{"picked":"CarveReality","not_picked":["ClearTheMind+1","Halt"],"floor":23},{"picked":"SKIP","not_picked":["EmptyFist","Prostrate","Evaluate"],"floor":24},{"picked":"FlurryOfBlows+1","not_picked":["ClearTheMind","CutThroughFate"],"floor":27},{"picked":"Vault","not_picked":["WreathOfFlame","Establishment"],"floor":28},{"picked":"SKIP","not_picked":["DeceiveReality+1","EmptyFist+1","BowlingBash"],"floor":31}],"event_choices":[{"event_name":"Golden Wing","player_choice":"Card Removal","floor":3,"cards_obtained":null,"cards_removed":["Defend_P"],"cards_transformed":null,"cards_upgraded":null,"relics_obtained":null,"potions_obtained":null,"relics_lost":null,"damage_taken":7,"damage_healed":0,"max_hp_loss":0,"max_hp_gain":0,"gold_gain":0,"gold_loss":0},{"event_name":"World of Goop","player_choice":"Gather Gold","floor":4,"cards_obtained":null,"cards_removed":null,"cards_transformed":null,"cards_upgraded":null,"relics_obtained":null,"potions_obtained":null,"relics_lost":null,"damage_taken":11,"damage_healed":0,"max_hp_loss":0,"max_hp_gain":0,"gold_gain":75,"gold_loss":0},{"event_name":"Liars Game","player_choice":"Ignored","floor":7,"cards_obtained":null,"cards_removed":null,"cards_transformed":null,"cards_upgraded":null,"relics_obtained":null,"potions_obtained":null,"relics_lost":null,"damage_taken":0,"damage_healed":0,"max_hp_loss":0,"max_hp_gain":0,"gold_gain":0,"gold_loss":0},{"event_name":"Masked Bandits","player_choice":"Paid Fearfully","floor":25,"cards_obtained":null,"cards_removed":null,"cards_transformed":null,"cards_upgraded":null,"relics_obtained":null,"potions_obtained":null,"relics_lost":null,"damage_taken":0,"damage_healed":0,"max_hp_loss":0,"max_hp_gain":0,"gold_gain":0,"gold_loss":117},{"event_name":"Vampires","player_choice":"Became a vampire","floor":30,"cards_obtained":["Bite","Bite","Bite","Bite","Bite"],"cards_removed":null,"cards_transformed":null,"cards_upgraded":null,"relics_obtained":null,"potions_obtained":null,"relics_lost":null,"damage_taken":0,"damage_healed":0,"max_hp_loss":25,"max_hp_gain":0,"gold_gain":0,"gold_loss":0}],"boss_relics":[{"picked":"HolyWater","not_picked":["Coffee Dripper","Runic Pyramid"]}],"damage_taken":[{"floor":1,"enemies":"Cultist","damage":7,"turns":3},{"floor":2,"enemies":"Small Slimes","damage":4,"turns":4},{"floor":5,"enemies":"2 Louse","damage":0,"turns":3},{"floor":6,"enemies":"3 Sentries","damage":25,"turns":7},{"floor":8,"enemies":"Gremlin Nob","damage":10,"turns":3},{"floor":11,"enemies":"Blue Slaver","damage":0,"turns":3},{"floor":12,"enemies":"Exordium Thugs","damage":6,"turns":2},{"floor":14,"enemies":"Lots of Slimes","damage":0,"turns":2},{"floor":16,"enemies":"The Guardian","damage":32,"turns":5},{"floor":18,"enemies":"Chosen","damage":8,"turns":3},{"floor":19,"enemies":"Shell Parasite","damage":11,"turns":5},{"floor":21,"enemies":"Chosen and Byrds","damage":3,"turns":2},{"floor":22,"enemies":"Snake Plant","damage":17,"turns":4},{"floor":23,"enemies":"Book of Stabbing","damage":15,"turns":4},{"floor":24,"enemies":"Shelled Parasite and Fungi","damage":7,"turns":4},{"floor":28,"enemies":"Slavers","damage":27,"turns":4},{"floor":31,"enemies":"Gremlin Leader","damage":17,"turns":7},{"floor":33,"enemies":"Champ","damage":88,"turns":8}],"potions_obtained":[{"key":"StancePotion","floor":2},{"key":"LiquidBronze","floor":6},{"key":"DistilledChaos","floor":8},{"key":"PowerPotion","floor":12},{"key":"Fire Potion","floor":16},{"key":"SkillPotion","floor":18},{"key":"PowerPotion","floor":21},{"key":"BlessingOfTheForge","floor":31}],"relics_obtained":[{"key":"Ice Cream","floor":6},{"key":"Mummified Hand","floor":8},{"key":"Ornamental Fan","floor":9},{"key":"Bronze Scales","floor":23},{"key":"GoldenEye","floor":26},{"key":"Pear","floor":28},{"key":"Bird Faced Urn","floor":31}],"campfire_choices":[{"floor":10,"key":"REST"},{"floor":13,"key":"REST"},{"floor":15,"key":"SMITH","data":"Eruption"},{"floor":27,"key":"REST"},{"floor":29,"key":"REST"},{"floor":32,"key":"SMITH","data":"Ragnarok"}],"circlet_count":0,"win_rate":0,"killed_by":"Champ"}