{"play_id":"9e851bd7-2cf6-4aaf-94f0-ba518b7bada5","build_version":"2020-01-27","seed_played":"-7420592294798828478","chose_seed":false,"seed_source_timestamp":7726381233787,"is_daily":false,"special_seed":0,"is_trial":false,"is_endless":false,"is_ascension_mode":true,"ascension_level":3,"neow_bonus":"THREE_CARDS","neow_cost":"NONE","is_beta":false,"is_prod":false,"victory":false,"floor_reached":21,"score":315,"timestamp":1730450299,"local_time":"11/01/2024 08:38:19","playtime":895,"player_experience":96998,"master_deck":["Strike_P","Strike_P","Strike_P","Defend_P","Defend_P","Defend_P","Defend_P","Eruption+1","Vigilance","FearNoEvil","Conclude","ClearTheMind","Swivel","Tantrum","ForeignInfluence","CarveReality","Judgement","TalkToTheHand","Establishment","Worship","Protect+1"],"relics":["PureWater","Omamori","Nunchaku","Strawberry","TungstenRod","Calipers","SlaversCollar","White Beast Statue"],"gold":224,"campfire_rested":1,"campfire_upgraded":1,"purchased_purges":1,"potions_floor_spawned":[1,10,14,16],"potions_floor_usage":[],"current_hp_per_floor":[72,60,60,58,56,38,43,43,50,27,20,20,19,19,44,44,84,64,8,8,0],"max_hp_per_floor":[72,72,72,72,72,72,77,77,84,84,84,84,84,84,84,84,84,84,84,84,84],"gold_per_floor":[115,115,40,56,69,96,56,56,80,99,130,56,68,103,103,201,201,214,224,224,224],"path_per_floor":["M","?","$","M","M","E","?","R","T","M","E","$","M","E","R","B",null,"M","M","T","?"],"path_taken":["M","?","$","M","M","E","?","R","T","M","E","$","M","E","R","BOSS","M","M","?","?"],"items_purchased":["CarveReality"],"item_purchase_floors":[12],"items_purged":["Strike_P"],"items_purged_floors":[3],"character_chosen":"WATCHER","card_choices":[{"picked":"FearNoEvil","not_picked":["Fasting2","LikeWater"],"floor":0},{"picked":"Conclude","not_picked":["JustLucky","Halt"],"floor":1},{"picked":"ClearTheMind","not_picked":["Swivel","Evaluate"],"floor":4},{"picked":"Swivel","not_picked":["Consecrate","EmptyBody"],"floor":5},{"picked":"Tantrum","not_picked":["SignatureMove","EmptyMind"],"floor":6},{"picked":"SKIP","not_picked":["Conclude","ClearTheMind","JustLucky"],"floor":10},{"picked":"ForeignInfluence","not_picked":["Tantrum","Fasting2"],"floor":11},{"picked":"Judgement","not_picked":["ClearTheMind","FlurryOfBlows"],"floor":13},{"picked":"TalkToTheHand","not_picked":["Consecrate","LikeWater"],"floor":14},{"picked":"Establishment","not_picked":["LessonLearned","Judgement"],"floor":16},{"picked":"Worship","not_picked":["WreathOfFlame","ClearTheMind+1"],"floor":18},{"picked":"Protect+1","not_picked":["Vengeance","CarveReality"],"floor":19}],"event_choices":[{"event_name":"Scrap Ooze","player_choice":"Success","floor":2,"cards_obtained":null,"cards_removed":null,"cards_transformed":null,"cards_upgraded":null,"relics_obtained":["Omamori"],"potions_obtained":null,"relics_lost":null,"damage_taken":12,"damage_healed":0,"max_hp_loss":0,"max_hp_gain":0,"gold_gain":0,"gold_loss":0},{"event_name":"The Woman in Blue","player_choice":"Bought 3 Potions","floor":7,"cards_obtained":null,"cards_removed":null,"cards_transformed":null,"cards_upgraded":null,"relics_obtained":null,"potions_obtained":null,"relics_lost":null,"damage_taken":0,"damage_healed":0,"max_hp_loss":0,"max_hp_gain":0,"gold_gain":0,"gold_loss":0}],"boss_relics":[{"picked":"SlaversCollar","not_picked":["Runic Dome","Runic Pyramid"]}],"damage_taken":[{"floor":1,"enemies":"Cultist","damage":0,"turns":2},{"floor":4,"enemies":"Small Slimes","damage":2,"turns":2},{"floor":5,"enemies":"Jaw Worm","damage":2,"turns":2},{"floor":6,"enemies":"Gremlin Nob","damage":18,"turns":4},{"floor":10,"enemies":"Exordium Thugs","damage":23,"turns":3},{"floor":11,"enemies":"3 Sentries","damage":7,"turns":3},{"floor":13,"enemies":"Exordium Wildlife","damage":1,"turns":3},{"floor":14,"enemies":"Lagavulin","damage":0,"turns":4},{"floor":16,"enemies":"Slime Boss","damage":0,"turns":4},{"floor":18,"enemies":"Shell Parasite","damage":20,"turns":5},{"floor":19,"enemies":"2 Thieves","damage":56,"turns":4}],"potions_obtained":[{"key":"Ambrosia","floor":1},{"key":"Fruit Juice","floor":7},{"key":"SneckoOil","floor":7},{"key":"CultistPotion","floor":7},{"key":"AttackPotion","floor":10},{"key":"EssenceOfSteel","floor":14},{"key":"GamblersBrew","floor":16}],"relics_obtained":[{"key":"Nunchaku","floor":6},{"key":"Strawberry","floor":9},{"key":"TungstenRod","floor":11},{"key":"Calipers","floor":14},{"key":"White Beast Statue","floor":20}],"campfire_choices":[{"floor":8,"key":"SMITH","data":"Eruption"},{"floor":15,"key":"REST"}],"circlet_count":0,"win_rate":0,"killed_by":null}