{"play_id":"0cb49d6e-51ff-40ba-a87a-522f7fc2350b","build_version":"2020-01-27","seed_played":"-3242651454242562424","chose_seed":false,"seed_source_timestamp":2381227778628,"is_daily":false,"special_seed":null,"is_trial":false,"is_endless":false,"is_ascension_mode":true,"ascension_level":3,"neow_bonus":"REMOVE_CARD","neow_cost":"NONE","is_beta":false,"is_prod":false,"victory":false,"floor_reached":16,"score":184,"timestamp":1735389320,"local_time":"12/28/2024 12:35:20","playtime":475,"player_experience":121447,"master_deck":["Strike_P","Strike_P","Strike_P","Defend_P","Defend_P","Eruption+1","Vigilance","WheelKick","InnerPeace","Indignation+1","SandsOfTime","EmptyFist"],"relics":["PureWater","Toxic Egg 2","Mercury Hourglass","Golden Idol","Darkstone Periapt"],"gold":239,"campfire_rested":2,"campfire_upgraded":1,"purchased_purges":1,"potions_floor_spawned":[1,7,12],"potions_floor_usage":[7,16,16],"current_hp_per_floor":[72,72,65,65,64,64,54,72,72,54,32,29,12,3,24,0],"max_hp_per_floor":[72,72,72,72,72,72,72,72,72,72,72,72,72,72,72,72],"gold_per_floor":[110,35,35,35,50,50,81,81,151,151,185,200,223,239,239,239],"path_per_floor":["M","$","?","?","M","R","E","R","T","?","E","M","M","M","R","B"],"path_taken":["M","?","?","?","M","R","E","R","T","?","E","M","M","M","R","BOSS"],"items_purchased":[],"item_purchase_floors":[],"items_purged":["Defend_P"],"items_purged_floors":[2],"character_chosen":"WATCHER","card_choices":[{"picked":"WheelKick","not_picked":["Halt","FearNoEvil"],"floor":1},{"picked":"InnerPeace","not_picked":["ThirdEye","Fasting2"],"floor":5},{"picked":"Indignation+1","not_picked":["Halt+1","JustLucky"],"floor":7},{"picked":"SandsOfTime","not_picked":["Consecrate","Evaluate+1"],"floor":11},{"picked":"EmptyFist","not_picked":["Perseverance+1","Crescendo+1"],"floor":12},{"picked":"SKIP","not_picked":["FlyingSleeves","Adaptation","InnerPeace+1"],"floor":13},{"picked":"SKIP","not_picked":["FlyingSleeves","SashWhip","Collect+1"],"floor":14}],"event_choices":[{"event_name":"Golden Wing","player_choice":"Card Removal","floor":3,"cards_obtained":null,"cards_removed":["Strike_P"],"cards_transformed":null,"cards_upgraded":null,"relics_obtained":null,"potions_obtained":null,"relics_lost":null,"damage_taken":7,"damage_healed":0,"max_hp_loss":0,"max_hp_gain":0,"gold_gain":0,"gold_loss":0},{"event_name":"The Cleric","player_choice":"Leave","floor":4,"cards_obtained":null,"cards_removed":null,"cards_transformed":null,"cards_upgraded":null,"relics_obtained":null,"potions_obtained":null,"relics_lost":null,"damage_taken":0,"damage_healed":0,"max_hp_loss":0,"max_hp_gain":0,"gold_gain":0,"gold_loss":0},{"event_name":"Golden Idol","player_choice":"Take Damage","floor":10,"cards_obtained":null,"cards_removed":null,"cards_transformed":null,"cards_upgraded":null,"relics_obtained":["Golden Idol"],"potions_obtained":null,"relics_lost":null,"damage_taken":18,"damage_healed":0,"max_hp_loss":0,"max_hp_gain":0,"gold_gain":0,"gold_loss":0}],"boss_relics":[],"damage_taken":[{"floor":1,"enemies":"Cultist","damage":0,"turns":2},{"floor":5,"enemies":"2 Louse","damage":1,"turns":2},{"floor":7,"enemies":"3 Sentries","damage":10,"turns":4},{"floor":11,"enemies":"Gremlin Nob","damage":22,"turns":3},{"floor":12,"enemies":"Small Slimes","damage":3,"turns":2},{"floor":13,"enemies":"Looter","damage":17,"turns":2},{"floor":14,"enemies":"3 Louse","damage":9,"turns":2}],"potions_obtained":[{"key":"Explosive Potion","floor":1},{"key":"DuplicationPotion","floor":7},{"key":"DistilledChaos","floor":12}],"relics_obtained":[{"key":"Toxic Egg 2","floor":7},{"key":"Mercury Hourglass","floor":9},{"key":"Darkstone Periapt","floor":11}],"campfire_choices":[{"floor":6,"key":"SMITH","data":"Eruption"},{"floor":8,"key":"REST"},{"floor":15,"key":"REST"}],"circlet_count":0,"win_rate":0,"killed_by":"The Guardian"}