{"play_id":"9842f7ab-0c23-4c15-b959-311bcc52ce47","build_version":"2020-01-27","seed_played":"-8452833199873797334","chose_seed":false,"seed_source_timestamp":2386077099693,"is_daily":false,"special_seed":0,"is_trial":false,"is_endless":false,"is_ascension_mode":true,"ascension_level":3,"neow_bonus":"UPGRADE_CARD","neow_cost":"NONE","is_beta":false,"is_prod":false,"victory":false,"floor_reached":23,"score":287,"timestamp":1735390447,"local_time":"12/28/2024 12:54:07","playtime":911,"player_experience":121922,"master_deck":["Defend_P","Defend_P","Defend_P","Eruption+1","Vigilance","Crescendo","WindmillStrike","Prostrate","EmptyFist","EmptyBody","Prostrate","Wallop","Judgement+1","Devotion","Evaluate+1","Meditate","Bite","Bite","Bite","Bite","Bite","FollowUp","SashWhip"],"relics":["PureWater","Question Card","Odd Mushroom","Ornamental Fan","Calipers","Oddly Smooth Stone","Mercury Hourglass","Sozu"],"gold":84,"campfire_rested":2,"campfire_upgraded":1,"purchased_purges":1,"potions_floor_spawned":[6,7,16],"potions_floor_usage":[19],"current_hp_per_floor":[70,70,70,70,72,22,29,29,29,50,50,71,72,69,69,19,72,66,68,68,68,68,0],"max_hp_per_floor":[72,72,72,72,72,72,72,72,72,72,72,72,72,72,72,72,72,72,72,72,72,72,72],"gold_per_floor":[110,110,35,35,49,77,106,36,36,36,66,66,98,98,98,199,199,213,233,158,158,84,84],"path_per_floor":["M","?","$","?","M","E","?","$","T","R","E","R","E","?","R","B","ul","M","M","?","?","$","E"],"path_taken":["M","?","$","?","M","E","?","?","T","R","E","R","E","?","R","BOSS","M","M","?","?","?","E"],"items_purchased":["EmptyBody","Prostrate","FollowUp","SashWhip"],"item_purchase_floors":[8,8,22,22],"items_purged":["Regret"],"items_purged_floors":[3],"character_chosen":"WATCHER","card_choices":[{"picked":"Crescendo","not_picked":["Prostrate","CutThroughFate"],"floor":1},{"picked":"WindmillStrike","not_picked":["Evaluate","ThirdEye"],"floor":5},{"picked":"Prostrate","not_picked":["PathToVictory","SashWhip"],"floor":6},{"picked":"EmptyFist","not_picked":["Swivel","Study","Collect"],"floor":7},{"picked":"Wallop","not_picked":["JustLucky","Sanctity","Protect"],"floor":11},{"picked":"Judgement","not_picked":["Consecrate","Wireheading","ConjureBlade"],"floor":13},{"picked":"Devotion","not_picked":["Scrawl","MasterReality","Establishment"],"floor":16},{"picked":"Evaluate+1","not_picked":["Crescendo","ClearTheMind","Conclude"],"floor":18},{"picked":"Meditate","not_picked":["Protect","FearNoEvil+1","JustLucky"],"floor":19}],"event_choices":[{"event_name":"Big Fish","player_choice":"Box","floor":2,"cards_obtained":["Regret"],"cards_removed":null,"cards_transformed":null,"cards_upgraded":null,"relics_obtained":["Blood Vial"],"potions_obtained":null,"relics_lost":null,"damage_taken":0,"damage_healed":0,"max_hp_loss":0,"max_hp_gain":0,"gold_gain":0,"gold_loss":0},{"event_name":"Living Wall","player_choice":"Forget","floor":4,"cards_obtained":null,"cards_removed":["Defend_P"],"cards_transformed":null,"cards_upgraded":null,"relics_obtained":null,"potions_obtained":null,"relics_lost":null,"damage_taken":0,"damage_healed":0,"max_hp_loss":0,"max_hp_gain":0,"gold_gain":0,"gold_loss":0},{"event_name":"Mushrooms","player_choice":"Fought Mushrooms","floor":7,"cards_obtained":null,"cards_removed":null,"cards_transformed":null,"cards_upgraded":null,"relics_obtained":null,"potions_obtained":null,"relics_lost":null,"damage_taken":0,"damage_healed":0,"max_hp_loss":0,"max_hp_gain":0,"gold_gain":0,"gold_loss":0},{"event_name":"Scrap Ooze","player_choice":"Success","floor":14,"cards_obtained":null,"cards_removed":null,"cards_transformed":null,"cards_upgraded":null,"relics_obtained":["Mercury Hourglass"],"potions_obtained":null,"relics_lost":null,"damage_taken":3,"damage_healed":0,"max_hp_loss":0,"max_hp_gain":0,"gold_gain":0,"gold_loss":0},{"event_name":"Beggar","player_choice":"Gave Gold","floor":20,"cards_obtained":null,"cards_removed":["Strike_P"],"cards_transformed":null,"cards_upgraded":null,"relics_obtained":null,"potions_obtained":null,"relics_lost":null,"damage_taken":0,"damage_healed":0,"max_hp_loss":0,"max_hp_gain":0,"gold_gain":0,"gold_loss":75},{"event_name":"Vampires","player_choice":"Became a vampire (Vial)","floor":21,"cards_obtained":["Bite","Bite","Bite","Bite","Bite"],"cards_removed":null,"cards_transformed":null,"cards_upgraded":null,"relics_obtained":null,"potions_obtained":null,"relics_lost":["Blood Vial"],"damage_taken":0,"damage_healed":0,"max_hp_loss":0,"max_hp_gain":0,"gold_gain":0,"gold_loss":0}],"boss_relics":[{"picked":"Sozu","not_picked":["Coffee Dripper","Cursed Key"]}],"damage_taken":[{"floor":1,"enemies":"Small Slimes","damage":2,"turns":2},{"floor":5,"enemies":"2 Louse","damage":0,"turns":1},{"floor":6,"enemies":"3 Sentries","damage":50,"turns":6},{"floor":7,"enemies":"The Mushroom Lair","damage":7,"turns":4},{"floor":11,"enemies":"Gremlin Nob","damage":2,"turns":3},{"floor":13,"enemies":"3 Sentries","damage":0,"turns":6},{"floor":16,"enemies":"Slime Boss","damage":52,"turns":8},{"floor":18,"enemies":"Chosen","damage":6,"turns":5},{"floor":19,"enemies":"Spheric Guardian","damage":0,"turns":2},{"floor":23,"enemies":"Book of Stabbing","damage":88,"turns":4}],"potions_obtained":[{"key":"Regen Potion","floor":6},{"key":"Fire Potion","floor":7},{"key":"AttackPotion","floor":16}],"relics_obtained":[{"key":"Question Card","floor":6},{"key":"Odd Mushroom","floor":7},{"key":"Ornamental Fan","floor":9},{"key":"Calipers","floor":11},{"key":"Oddly Smooth Stone","floor":13}],"campfire_choices":[{"floor":10,"key":"REST"},{"floor":12,"key":"REST"},{"floor":15,"key":"SMITH","data":"Judgement"}],"circlet_count":0,"win_rate":0,"killed_by":"Book of Stabbing"}