{"play_id":"0a7b7a0c-d065-4644-a5df-971d09513d41","build_version":"2020-01-27","seed_played":"-6559500826982051376","chose_seed":false,"seed_source_timestamp":2397329331543,"is_daily":false,"special_seed":0,"is_trial":false,"is_endless":false,"is_ascension_mode":true,"ascension_level":3,"neow_bonus":"RANDOM_COMMON_RELIC","neow_cost":"NONE","is_beta":false,"is_prod":false,"victory":true,"floor_reached":51,"score":1164,"timestamp":1735392947,"local_time":"12/28/2024 13:35:47","playtime":2214,"player_experience":122833,"master_deck":["Strike_P","Strike_P","Strike_P","Defend_P+1","Defend_P+1","Eruption+1","Vigilance","EmptyBody+1","Consecrate","BowlingBash+1","LikeWater+1","InnerPeace","Tantrum+1","FollowUp+1","Ragnarok+1","Dramatic Entrance+1","RitualDagger+1","ForeignInfluence+1","SandsOfTime+1","FollowUp+1","Vault","ForeignInfluence+1","Meditate"],"relics":["PureWater","War Paint","Vajra","Molten Egg 2","Singing Bowl","InkBottle","Dead Branch","Busted Crown","Torii","MealTicket","Mercury Hourglass","Sundial","Eternal Feather","SlaversCollar","Pear","Juzu Bracelet","Bronze Scales","StrikeDummy","Meat on the Bone"],"gold":42,"campfire_rested":3,"campfire_upgraded":5,"purchased_purges":2,"potions_floor_spawned":[1,3,11,16,18,21,24,29,37,39,40,44],"potions_floor_usage":[50,50],"current_hp_per_floor":[72,72,72,72,69,67,67,55,55,53,31,31,52,52,52,37,72,68,68,62,64,55,78,80,80,80,80,80,80,80,82,82,67,82,80,80,70,70,72,83,83,72,72,74,89,81,59,74,106,36],"max_hp_per_floor":[72,72,72,72,72,72,72,72,72,72,72,72,72,72,72,72,72,74,74,74,76,78,78,80,80,80,80,80,80,80,82,82,82,82,84,84,84,84,86,98,98,100,100,102,102,104,106,106,106,106],"gold_per_floor":[118,118,132,149,162,194,194,226,226,246,271,271,271,297,297,399,399,417,23,23,43,60,60,95,95,95,106,38,64,64,93,93,196,196,209,209,222,234,253,279,168,200,200,231,108,123,142,42,42,42],"path_per_floor":["M","?","M","M","M","E","R","E","T","M","E","?","R","E","R","B","ul","M","$","?","M","M","R","E","R","T","M","$","E","R","E","R","B","ul","M","?","M","M","M","E","?","E","T","E","$","M","M","$","R","B",null],"path_taken":["M","?","M","M","M","E","R","E","T","?","E","?","R","E","R","BOSS","M","$","?","M","M","R","E","R","T","M","$","E","R","E","R","BOSS","M","?","M","?","M","E","?","E","T","E","$","M","M","$","R","BOSS"],"items_purchased":["Torii","Dramatic Entrance+1","SandsOfTime+1","BottledMiracle"],"item_purchase_floors":[19,19,28,45],"items_purged":["SpiritShield","Strike_P"],"items_purged_floors":[45,48],"character_chosen":"WATCHER","card_choices":[{"picked":"EmptyBody","not_picked":["WreathOfFlame","Fasting2"],"floor":1},{"picked":"Consecrate","not_picked":["Nirvana","MentalFortress"],"floor":3},{"picked":"BowlingBash","not_picked":["Meditate","SignatureMove"],"floor":4},{"picked":"SKIP","not_picked":["EmptyBody","SashWhip","Sanctity"],"floor":5},{"picked":"SKIP","not_picked":["Fasting2","Weave","SignatureMove"],"floor":6},{"picked":"LikeWater","not_picked":["MasterReality","MentalFortress"],"floor":8},{"picked":"InnerPeace","not_picked":["FlyingSleeves+1","ThirdEye"],"floor":10},{"picked":"Tantrum+1","not_picked":["EmptyFist+1","SashWhip+1"],"floor":11},{"picked":"FollowUp+1","not_picked":["CutThroughFate+1","Vengeance"],"floor":14},{"picked":"Ragnarok+1","not_picked":["Alpha","DeusExMachina"],"floor":16},{"picked":"Singing Bowl","not_picked":["SignatureMove+1"],"floor":18},{"picked":"Singing Bowl","not_picked":["FlyingSleeves+1"],"floor":21},{"picked":"Singing Bowl","not_picked":["CrushJoints+1"],"floor":22},{"picked":"Singing Bowl","not_picked":["SignatureMove+1"],"floor":24},{"picked":"ForeignInfluence","not_picked":[],"floor":27},{"picked":"FollowUp+1","not_picked":[],"floor":29},{"picked":"Singing Bowl","not_picked":["Weave+1"],"floor":31},{"picked":"Vault","not_picked":[],"floor":33},{"picked":"Singing Bowl","not_picked":["Prostrate+1"],"floor":35},{"picked":"ForeignInfluence+1","not_picked":[],"floor":37},{"picked":"Meditate","not_picked":[],"floor":38},{"picked":"Singing Bowl","not_picked":["BowlingBash+1"],"floor":39},{"picked":"Singing Bowl","not_picked":["Adaptation+1"],"floor":40},{"picked":"Singing Bowl","not_picked":["Worship"],"floor":42},{"picked":"Singing Bowl","not_picked":["Evaluate"],"floor":44},{"picked":"Singing Bowl","not_picked":["InnerPeace+1"],"floor":46},{"picked":"Singing Bowl","not_picked":["SashWhip+1"],"floor":47}],"event_choices":[{"event_name":"Transmorgrifier","player_choice":"Transformed","floor":2,"cards_obtained":["SpiritShield"],"cards_removed":null,"cards_transformed":["Defend_P"],"cards_upgraded":null,"relics_obtained":null,"potions_obtained":null,"relics_lost":null,"damage_taken":0,"damage_healed":0,"max_hp_loss":0,"max_hp_gain":0,"gold_gain":0,"gold_loss":0},{"event_name":"Wheel of Change","player_choice":"Card Removal","floor":12,"cards_obtained":null,"cards_removed":["Defend_P"],"cards_transformed":null,"cards_upgraded":null,"relics_obtained":null,"potions_obtained":null,"relics_lost":null,"damage_taken":0,"damage_healed":0,"max_hp_loss":0,"max_hp_gain":0,"gold_gain":0,"gold_loss":0},{"event_name":"Nest","player_choice":"Joined the Cult","floor":20,"cards_obtained":["RitualDagger"],"cards_removed":null,"cards_transformed":null,"cards_upgraded":null,"relics_obtained":null,"potions_obtained":null,"relics_lost":null,"damage_taken":6,"damage_healed":0,"max_hp_loss":0,"max_hp_gain":0,"gold_gain":0,"gold_loss":0},{"event_name":"SecretPortal","player_choice":"Ignored","floor":36,"cards_obtained":null,"cards_removed":null,"cards_transformed":null,"cards_upgraded":null,"relics_obtained":null,"potions_obtained":null,"relics_lost":null,"damage_taken":0,"damage_healed":0,"max_hp_loss":0,"max_hp_gain":0,"gold_gain":0,"gold_loss":0},{"event_name":"WeMeetAgain","player_choice":"Paid Gold","floor":41,"cards_obtained":null,"cards_removed":null,"cards_transformed":null,"cards_upgraded":null,"relics_obtained":["Juzu Bracelet"],"potions_obtained":null,"relics_lost":null,"damage_taken":0,"damage_healed":0,"max_hp_loss":0,"max_hp_gain":0,"gold_gain":0,"gold_loss":111}],"boss_relics":[{"picked":"Busted Crown","not_picked":["Ectoplasm","Runic Dome"]},{"picked":"SlaversCollar","not_picked":["VioletLotus","Philosopher's Stone"]}],"damage_taken":[{"floor":1,"enemies":"Jaw Worm","damage":0,"turns":3},{"floor":3,"enemies":"Cultist","damage":0,"turns":2},{"floor":4,"enemies":"2 Louse","damage":0,"turns":2},{"floor":5,"enemies":"Exordium Wildlife","damage":3,"turns":3},{"floor":6,"enemies":"3 Sentries","damage":2,"turns":4},{"floor":8,"enemies":"Lagavulin","damage":12,"turns":5},{"floor":10,"enemies":"3 Louse","damage":2,"turns":3},{"floor":11,"enemies":"Gremlin Nob","damage":22,"turns":5},{"floor":14,"enemies":"Lagavulin","damage":0,"turns":2},{"floor":16,"enemies":"Hexaghost","damage":15,"turns":7},{"floor":18,"enemies":"2 Thieves","damage":6,"turns":2},{"floor":21,"enemies":"Spheric Guardian","damage":0,"turns":3},{"floor":22,"enemies":"Snake Plant","damage":25,"turns":5},{"floor":24,"enemies":"Gremlin Leader","damage":0,"turns":2},{"floor":27,"enemies":"Chosen and Byrds","damage":0,"turns":1},{"floor":29,"enemies":"Book of Stabbing","damage":0,"turns":2},{"floor":31,"enemies":"Gremlin Leader","damage":0,"turns":2},{"floor":33,"enemies":"Automaton","damage":15,"turns":3},{"floor":35,"enemies":"3 Shapes","damage":4,"turns":3},{"floor":37,"enemies":"Orb Walker","damage":10,"turns":3},{"floor":38,"enemies":"Jaw Worm Horde","damage":0,"turns":1},{"floor":39,"enemies":"Spire Growth","damage":0,"turns":3},{"floor":40,"enemies":"Giant Head","damage":1,"turns":4},{"floor":42,"enemies":"Nemesis","damage":13,"turns":3},{"floor":44,"enemies":"Reptomancer","damage":0,"turns":2},{"floor":46,"enemies":"3 Darklings","damage":10,"turns":2},{"floor":47,"enemies":"Writhing Mass","damage":24,"turns":2},{"floor":50,"enemies":"Time Eater","damage":82,"turns":5}],"potions_obtained":[{"key":"SneckoOil","floor":1},{"key":"BlessingOfTheForge","floor":3},{"key":"BlessingOfTheForge","floor":11},{"key":"SkillPotion","floor":16},{"key":"Energy Potion","floor":18},{"key":"Regen Potion","floor":21},{"key":"SteroidPotion","floor":24},{"key":"DistilledChaos","floor":29},{"key":"Fire Potion","floor":37},{"key":"SpeedPotion","floor":39},{"key":"Energy Potion","floor":44}],"relics_obtained":[{"key":"Vajra","floor":6},{"key":"Molten Egg 2","floor":8},{"key":"Singing Bowl","floor":9},{"key":"InkBottle","floor":11},{"key":"Dead Branch","floor":14},{"key":"MealTicket","floor":24},{"key":"Mercury Hourglass","floor":26},{"key":"Sundial","floor":29},{"key":"Eternal Feather","floor":31},{"key":"Pear","floor":40},{"key":"Bronze Scales","floor":42},{"key":"StrikeDummy","floor":43},{"key":"Meat on the Bone","floor":44}],"campfire_choices":[{"floor":7,"key":"SMITH","data":"Eruption"},{"floor":13,"key":"REST"},{"floor":15,"key":"SMITH","data":"LikeWater"},{"floor":23,"key":"REST"},{"floor":25,"key":"SMITH","data":"BowlingBash"},{"floor":30,"key":"SMITH","data":"ForeignInfluence"},{"floor":32,"key":"SMITH","data":"EmptyBody"},{"floor":49,"key":"REST"}],"circlet_count":0,"win_rate":0,"killed_by":null}