{"play_id":"d01895e9-d74f-442e-a918-11138c8baa5f","build_version":"2020-01-27","seed_played":"-4970775356365593632","chose_seed":false,"seed_source_timestamp":0,"is_daily":false,"special_seed":0,"is_trial":false,"is_endless":false,"is_ascension_mode":true,"ascension_level":4,"neow_bonus":"BOSS_RELIC","neow_cost":"NONE","is_beta":false,"is_prod":false,"victory":true,"floor_reached":56,"score":1803,"timestamp":1757201342,"local_time":"09/06/2025 23:29:02","playtime":3300,"player_experience":131361,"master_deck":["Strike_P","Strike_P","Defend_P","Defend_P","Defend_P","Eruption","Vigilance+1","FollowUp","Crescendo","Protect","Wallop","Worship","SandsOfTime","Brilliance","EmptyBody+1","SandsOfTime","RitualDagger","Swivel","SashWhip+1","Sanctity+1","Fasting2","Dark Shackles+1","DeusExMachina","Pray","Pray","Writhe"],"relics":["Snecko Eye","Golden Idol","Letter Opener","Old Coin","Vajra","Tiny Chest","Velvet Choker","Ginger","TeardropLocket","Regal Pillow","Pear","Girya","Potion Belt","Akabeko","Fusion Hammer","Shuriken","Lee's Waffle","HornCleat","Singing Bowl","Meat on the Bone","Question Card","War Paint","Sling","Strawberry","Bottled Lightning"],"gold":44,"campfire_rested":5,"campfire_upgraded":0,"purchased_purges":1,"potions_floor_spawned":[1,7,12,16,18,20,33,39,40,48],"potions_floor_usage":[55,55,55,55,55,55],"current_hp_per_floor":[72,72,54,54,47,47,21,42,42,17,38,36,36,36,36,36,72,72,72,72,72,66,52,52,72,72,72,55,65,65,65,65,64,82,77,89,68,89,78,78,78,58,58,60,62,62,62,64,97,76,97,97,104,106,46],"max_hp_per_floor":[72,72,72,72,72,72,72,72,72,72,72,72,72,72,72,72,72,72,72,72,72,72,72,72,72,72,72,72,82,82,82,82,82,82,82,89,89,89,89,89,89,91,91,93,95,95,95,97,97,97,97,97,104,106,106],"gold_per_floor":[110,129,129,142,167,211,236,236,308,608,608,644,644,678,678,797,797,818,743,768,768,768,812,835,835,835,859,903,979,1014,350,350,478,478,502,33,57,57,75,109,109,142,224,242,242,242,319,352,352,352,352,352,3,44,44],"path_per_floor":["M","M","?","M","M","E","M","R","T","?","R","E","?","E","R","B","ul","M","?","M","?","?","E","M","R","T","M","E","T","E","$","R","B","ul","M","$","M","?","M","E","R","E","T","M","?","R","T","E","R","B","ul","R","$","E","B",null],"path_taken":["M","M","?","M","M","E","M","R","T","?","R","E","?","E","R","BOSS","M","?","M","?","?","E","M","R","T","M","E","?","E","?","R","BOSS","M","$","M","?","M","E","R","E","T","M","?","R","?","E","R","BOSS","R","$","E","BOSS"],"items_purchased":["Fasting2","Potion Belt","Akabeko","Strength Potion","Regen Potion","Dark Shackles","Shuriken","Lee's Waffle","Pray","Sling","Strawberry","SpeedPotion"],"item_purchase_floors":[31,31,31,31,31,31,36,36,36,53,53,53],"items_purged":["Strike_P"],"items_purged_floors":[31],"character_chosen":"WATCHER","card_choices":[{"not_picked":["JustLucky","FlyingSleeves"],"picked":"FollowUp","floor":1},{"not_picked":["BowlingBash","Protect"],"picked":"Crescendo","floor":2},{"not_picked":["BowlingBash","EmptyMind"],"picked":"Protect","floor":4},{"not_picked":["Nirvana","Wireheading","PathToVictory"],"picked":"SKIP","floor":5},{"picked":"Wallop","not_picked":["EmptyBody","ClearTheMind"],"floor":6},{"picked":"Worship","not_picked":["CrushJoints","WindmillStrike"],"floor":7},{"picked":"SKIP","not_picked":["Nirvana","LessonLearned","Protect"],"floor":12},{"picked":"SKIP","not_picked":["Crescendo","BowlingBash","LikeWater"],"floor":14},{"picked":"Brilliance","not_picked":["ConjureBlade","LessonLearned"],"floor":16},{"picked":"EmptyBody+1","not_picked":["Halt","Swivel+1"],"floor":18},{"picked":"SandsOfTime","not_picked":["WheelKick","Nirvana"],"floor":20},{"picked":"SKIP","not_picked":["Protect","EmptyBody","PathToVictory+1"],"floor":23},{"picked":"Swivel","not_picked":["WindmillStrike+1","ThirdEye+1"],"floor":24},{"picked":"SashWhip+1","not_picked":["Wallop","FollowUp"],"floor":27},{"picked":"SKIP","not_picked":["Brilliance","Evaluate+1","Alpha"],"floor":28},{"picked":"Sanctity+1","not_picked":["SpiritShield","Wireheading"],"floor":30},{"picked":"DeusExMachina","not_picked":["Blasphemy","Ragnarok"],"floor":33},{"picked":"Pray","not_picked":["Consecrate","Evaluate+1"],"floor":35},{"picked":"SKIP","not_picked":["InnerPeace+1","SashWhip+1","FlyingSleeves"],"floor":37},{"picked":"SKIP","not_picked":["CutThroughFate+1","Prostrate","WheelKick+1"],"floor":39},{"picked":"SKIP","not_picked":["Wallop+1","SashWhip","JustLucky+1"],"floor":40},{"picked":"Singing Bowl","not_picked":["Consecrate","Brilliance","Evaluate"],"floor":42},{"picked":"Singing Bowl","not_picked":["Crescendo+1","Halt+1","Conclude"],"floor":44},{"picked":"Singing Bowl","not_picked":["Bandage Up","Finesse","Panacea"],"floor":45},{"picked":"Singing Bowl","not_picked":["ThirdEye","WindmillStrike+1","SashWhip+1","DeusExMachina"],"floor":48},{"picked":"Singing Bowl","not_picked":["FlurryOfBlows+1","Collect","Study+1","CutThroughFate+1"],"floor":54}],"event_choices":[{"damage_healed":0,"gold_gain":0,"player_choice":"Take Damage","damage_taken":18,"relics_obtained":["Golden Idol"],"max_hp_gain":0,"max_hp_loss":0,"event_name":"Golden Idol","floor":3,"gold_loss":0},{"event_name":"Scrap Ooze","player_choice":"Success","floor":10,"cards_obtained":null,"cards_removed":null,"cards_transformed":null,"cards_upgraded":null,"relics_obtained":["Old Coin"],"potions_obtained":null,"relics_lost":null,"damage_taken":25,"damage_healed":0,"max_hp_loss":0,"max_hp_gain":0,"gold_gain":0,"gold_loss":0},{"event_name":"Transmorgrifier","player_choice":"Transformed","floor":13,"cards_obtained":["SandsOfTime"],"cards_removed":null,"cards_transformed":["Defend_P"],"cards_upgraded":null,"relics_obtained":null,"potions_obtained":null,"relics_lost":null,"damage_taken":0,"damage_healed":0,"max_hp_loss":0,"max_hp_gain":0,"gold_gain":0,"gold_loss":0},{"event_name":"Beggar","player_choice":"Gave Gold","floor":19,"cards_obtained":null,"cards_removed":["Strike_P"],"cards_transformed":null,"cards_upgraded":null,"relics_obtained":null,"potions_obtained":null,"relics_lost":null,"damage_taken":0,"damage_healed":0,"max_hp_loss":0,"max_hp_gain":0,"gold_gain":0,"gold_loss":75},{"event_name":"Ghosts","player_choice":"Ignored","floor":21,"cards_obtained":null,"cards_removed":null,"cards_transformed":null,"cards_upgraded":null,"relics_obtained":null,"potions_obtained":null,"relics_lost":null,"damage_taken":0,"damage_healed":0,"max_hp_loss":0,"max_hp_gain":0,"gold_gain":0,"gold_loss":0},{"event_name":"Nest","player_choice":"Joined the Cult","floor":22,"cards_obtained":["RitualDagger"],"cards_removed":null,"cards_transformed":null,"cards_upgraded":null,"relics_obtained":null,"potions_obtained":null,"relics_lost":null,"damage_taken":6,"damage_healed":0,"max_hp_loss":0,"max_hp_gain":0,"gold_gain":0,"gold_loss":0},{"event_name":"Winding Halls","player_choice":"Writhe","floor":38,"cards_obtained":["Writhe"],"cards_removed":null,"cards_transformed":null,"cards_upgraded":null,"relics_obtained":null,"potions_obtained":null,"relics_lost":null,"damage_taken":0,"damage_healed":22,"max_hp_loss":0,"max_hp_gain":0,"gold_gain":0,"gold_loss":0},{"event_name":"SensoryStone","player_choice":"Memory 1","floor":45,"cards_obtained":null,"cards_removed":null,"cards_transformed":null,"cards_upgraded":null,"relics_obtained":null,"potions_obtained":null,"relics_lost":null,"damage_taken":0,"damage_healed":0,"max_hp_loss":0,"max_hp_gain":0,"gold_gain":0,"gold_loss":0}],"boss_relics":[{"picked":"Velvet Choker","not_picked":["Runic Pyramid","Runic Dome"]},{"picked":"Fusion Hammer","not_picked":["Astrolabe","Empty Cage"]}],"damage_taken":[{"damage":0,"enemies":"Small Slimes","floor":1,"turns":3},{"damage":0,"enemies":"2 Louse","floor":2,"turns":2},{"damage":0,"enemies":"Cultist","floor":4,"turns":2},{"damage":7,"enemies":"2 Fungi Beasts","floor":5,"turns":3},{"damage":0,"enemies":"Gremlin Nob","floor":6,"turns":3},{"floor":7,"enemies":"Blue Slaver","damage":26,"turns":2},{"floor":12,"enemies":"Lagavulin","damage":2,"turns":4},{"floor":14,"enemies":"Gremlin Nob","damage":0,"turns":2},{"floor":16,"enemies":"Slime Boss","damage":0,"turns":3},{"floor":18,"enemies":"2 Thieves","damage":0,"turns":2},{"floor":20,"enemies":"Shell Parasite","damage":0,"turns":2},{"floor":23,"enemies":"Book of Stabbing","damage":14,"turns":4},{"floor":24,"enemies":"Centurion and Healer","damage":0,"turns":3},{"floor":27,"enemies":"Chosen and Byrds","damage":0,"turns":3},{"floor":28,"enemies":"Slavers","damage":17,"turns":3},{"floor":30,"enemies":"Book of Stabbing","damage":0,"turns":3},{"floor":33,"enemies":"Champ","damage":10,"turns":5},{"floor":35,"enemies":"Orb Walker","damage":5,"turns":3},{"floor":37,"enemies":"3 Shapes","damage":21,"turns":2},{"floor":39,"enemies":"3 Darklings","damage":11,"turns":3},{"floor":40,"enemies":"Giant Head","damage":0,"turns":6},{"floor":42,"enemies":"Reptomancer","damage":22,"turns":3},{"floor":44,"enemies":"Transient","damage":0,"turns":5},{"floor":48,"enemies":"Nemesis","damage":0,"turns":4},{"floor":50,"enemies":"Donu and Deca","damage":21,"turns":6},{"floor":54,"enemies":"Shield and Spear","damage":0,"turns":4},{"floor":55,"enemies":"The Heart","damage":72,"turns":8}],"potions_obtained":[{"floor":1,"key":"FearPotion"},{"key":"ColorlessPotion","floor":7},{"key":"EntropicBrew","floor":12},{"key":"DistilledChaos","floor":16},{"key":"DuplicationPotion","floor":18},{"key":"Energy Potion","floor":33},{"key":"GamblersBrew","floor":39},{"key":"Weak Potion","floor":40},{"key":"FairyPotion","floor":48}],"relics_obtained":[{"key":"Letter Opener","floor":6},{"key":"Vajra","floor":12},{"key":"Tiny Chest","floor":14},{"key":"Ginger","floor":23},{"key":"TeardropLocket","floor":26},{"key":"Regal Pillow","floor":28},{"key":"Pear","floor":29},{"key":"Girya","floor":30},{"key":"HornCleat","floor":40},{"key":"Singing Bowl","floor":42},{"key":"Meat on the Bone","floor":43},{"key":"Question Card","floor":47},{"key":"War Paint","floor":48},{"key":"Bottled Lightning","floor":54}],"campfire_choices":[{"floor":8,"key":"REST"},{"floor":11,"key":"REST"},{"floor":15,"key":"RECALL"},{"floor":25,"key":"REST"},{"floor":32,"key":"LIFT","data":"1"},{"floor":41,"key":"LIFT","data":"2"},{"floor":46,"key":"LIFT","data":"3"},{"floor":49,"key":"REST"},{"floor":52,"key":"REST"}],"circlet_count":0,"win_rate":0,"killed_by":null}