{"play_id":"1b6ced55-f43b-434a-9591-3db6e54665f6","build_version":"2020-01-27","seed_played":"-7588412683431346851","chose_seed":false,"seed_source_timestamp":1853363457876,"is_daily":false,"special_seed":null,"is_trial":false,"is_endless":false,"is_ascension_mode":true,"ascension_level":5,"neow_bonus":"THREE_ENEMY_KILL","neow_cost":"NONE","is_beta":false,"is_prod":false,"victory":false,"floor_reached":24,"score":338,"timestamp":1758980205,"local_time":"09/27/2025 13:36:45","playtime":814,"player_experience":145903,"master_deck":["Strike_P","Strike_P","Defend_P","Defend_P+1","Defend_P+1","Eruption+1","Vigilance","Sanctity+1","PathToVictory+1","Conclude+1","WindmillStrike+1","EmptyMind+1","ForeignInfluence+1","DevaForm","CarveReality+1","Metamorphosis+1","PathToVictory+1"],"relics":["PureWater","NeowsBlessing","Eternal Feather","War Paint","Bag of Preparation","Toxic Egg 2","Bottled Flame","Black Star"],"gold":41,"campfire_rested":1,"campfire_upgraded":4,"purchased_purges":1,"potions_floor_spawned":[1,10,16,21,22],"potions_floor_usage":[10,22],"current_hp_per_floor":[72,72,65,70,70,70,76,76,76,65,71,67,73,69,77,35,67,62,62,62,59,28,60,0],"max_hp_per_floor":[72,72,72,77,77,77,77,77,77,77,77,77,77,77,77,77,77,77,77,77,77,77,77,77],"gold_per_floor":[112,112,112,112,63,93,93,118,144,176,176,211,211,211,211,316,316,326,85,10,22,41,41,41],"path_per_floor":["M","?","?","?","$","E","R","E","T","E","R","E","R","M","R","B",null,"M","$","?","M","M","R","E"],"path_taken":["M","?","?","?","?","E","R","E","T","E","R","E","R","M","R","BOSS","M","$","?","M","M","R","E"],"items_purchased":["PathToVictory","Metamorphosis+1"],"item_purchase_floors":[5,19],"items_purged":["Strike_P"],"items_purged_floors":[19],"character_chosen":"WATCHER","card_choices":[{"picked":"Sanctity","not_picked":["ThirdEye","WreathOfFlame"],"floor":1},{"picked":"Conclude","not_picked":["SpiritShield","SashWhip"],"floor":6},{"picked":"WindmillStrike","not_picked":["CrushJoints","BattleHymn"],"floor":8},{"picked":"EmptyMind+1","not_picked":["CutThroughFate","Halt+1"],"floor":10},{"picked":"SKIP","not_picked":["FlyingSleeves","SashWhip","Vengeance+1"],"floor":12},{"picked":"ForeignInfluence+1","not_picked":["Weave","Pray+1"],"floor":14},{"picked":"DevaForm","not_picked":["Vault+1","Wish+1"],"floor":16},{"picked":"CarveReality+1","not_picked":["WheelKick","Nirvana+1"],"floor":18},{"picked":"SKIP","not_picked":["MentalFortress","BowlingBash","ThirdEye+1"],"floor":21},{"picked":"PathToVictory+1","not_picked":["CrushJoints","InnerPeace+1"],"floor":22}],"event_choices":[{"event_name":"Living Wall","player_choice":"Grow","floor":2,"cards_obtained":null,"cards_removed":null,"cards_transformed":null,"cards_upgraded":["Eruption"],"relics_obtained":null,"potions_obtained":null,"relics_lost":null,"damage_taken":0,"damage_healed":0,"max_hp_loss":0,"max_hp_gain":0,"gold_gain":0,"gold_loss":0},{"event_name":"Golden Wing","player_choice":"Card Removal","floor":3,"cards_obtained":null,"cards_removed":["Strike_P"],"cards_transformed":null,"cards_upgraded":null,"relics_obtained":null,"potions_obtained":null,"relics_lost":null,"damage_taken":7,"damage_healed":0,"max_hp_loss":0,"max_hp_gain":0,"gold_gain":0,"gold_loss":0},{"event_name":"Big Fish","player_choice":"Donut","floor":4,"cards_obtained":null,"cards_removed":null,"cards_transformed":null,"cards_upgraded":null,"relics_obtained":null,"potions_obtained":null,"relics_lost":null,"damage_taken":0,"damage_healed":0,"max_hp_loss":0,"max_hp_gain":5,"gold_gain":0,"gold_loss":0},{"event_name":"Beggar","player_choice":"Gave Gold","floor":20,"cards_obtained":null,"cards_removed":["Defend_P"],"cards_transformed":null,"cards_upgraded":null,"relics_obtained":null,"potions_obtained":null,"relics_lost":null,"damage_taken":0,"damage_healed":0,"max_hp_loss":0,"max_hp_gain":0,"gold_gain":0,"gold_loss":75}],"boss_relics":[{"picked":"Black Star","not_picked":["Sozu","Astrolabe"]}],"damage_taken":[{"floor":1,"enemies":"2 Louse","damage":0,"turns":1},{"floor":6,"enemies":"Lagavulin","damage":0,"turns":1},{"floor":8,"enemies":"3 Sentries","damage":0,"turns":1},{"floor":10,"enemies":"Lagavulin","damage":11,"turns":5},{"floor":12,"enemies":"Gremlin Nob","damage":4,"turns":3},{"floor":14,"enemies":"Jaw Worm","damage":4,"turns":2},{"floor":16,"enemies":"Hexaghost","damage":42,"turns":9},{"floor":18,"enemies":"Shell Parasite","damage":5,"turns":4},{"floor":21,"enemies":"Chosen","damage":3,"turns":4},{"floor":22,"enemies":"Snake Plant","damage":31,"turns":3},{"floor":24,"enemies":"Slavers","damage":61,"turns":2}],"potions_obtained":[{"key":"BottledMiracle","floor":1},{"key":"GamblersBrew","floor":10},{"key":"StancePotion","floor":16},{"key":"SpeedPotion","floor":21},{"key":"SpeedPotion","floor":22}],"relics_obtained":[{"key":"Eternal Feather","floor":6},{"key":"War Paint","floor":8},{"key":"Bag of Preparation","floor":9},{"key":"Toxic Egg 2","floor":10},{"key":"Bottled Flame","floor":12}],"campfire_choices":[{"floor":7,"key":"SMITH","data":"PathToVictory"},{"floor":11,"key":"SMITH","data":"WindmillStrike"},{"floor":13,"key":"SMITH","data":"Conclude"},{"floor":15,"key":"SMITH","data":"Sanctity"},{"floor":23,"key":"REST"}],"circlet_count":0,"win_rate":0,"killed_by":"Slavers"}