{"play_id":"db38a1b1-fb75-4343-af45-30768b3fedb6","build_version":"2020-01-27","seed_played":"-404648256288778169","chose_seed":false,"seed_source_timestamp":1820470994402,"is_daily":false,"special_seed":0,"is_trial":false,"is_endless":false,"is_ascension_mode":true,"ascension_level":5,"neow_bonus":"THREE_ENEMY_KILL","neow_cost":"NONE","is_beta":false,"is_prod":false,"victory":false,"floor_reached":42,"score":719,"timestamp":1758977906,"local_time":"09/27/2025 12:58:26","playtime":1644,"player_experience":143547,"master_deck":["Strike_P","Strike_P","Strike_P","Defend_P","Defend_P","Defend_P","Defend_P","Eruption+1","Vigilance+1","CarveReality","FollowUp","EmptyBody","FlurryOfBlows+1","Tantrum+1","InnerPeace","BattleHymn","Collect+1","DeusExMachina","Indignation","EmptyBody+1","SignatureMove+1","Judgement","Madness","Madness","BowlingBash+1"],"relics":["PureWater","NeowsBlessing","Happy Flower","Kunai","WingedGreaves","Busted Crown","Lantern","War Paint","Pantograph","Ornamental Fan","Shuriken","MutagenicStrength","Vajra","Toy Ornithopter","SlaversCollar","Boot"],"gold":522,"campfire_rested":5,"campfire_upgraded":2,"purchased_purges":1,"potions_floor_spawned":[1,5,8,13,14,18,23,25,31,35,41],"potions_floor_usage":[41,42],"current_hp_per_floor":[72,72,72,72,63,63,63,63,63,63,63,63,63,39,60,34,63,61,61,42,42,36,25,46,36,36,36,59,59,40,40,63,55,72,62,52,14,12,12,35,40,0],"max_hp_per_floor":[72,72,72,72,72,72,72,72,72,72,72,72,72,72,72,72,72,72,72,72,72,72,72,72,77,77,77,77,77,77,77,77,77,77,77,77,77,77,77,77,77,77],"gold_per_floor":[113,213,228,241,256,282,282,294,294,294,309,309,325,353,353,454,454,474,32,35,35,47,79,79,99,170,170,170,186,221,255,255,350,350,361,361,378,390,490,490,522,522],"path_per_floor":["M","?","M","M","M","E","R","M","T","R","M","?","M","E","R","B","ul","M","$","M","T","M","E","R","M","T","?","R","M","E","E","R","B","ul","M","?","M","M","?","R","E","M"],"path_taken":["M","?","M","M","?","E","R","?","T","R","?","?","?","E","R","BOSS","M","$","?","?","M","E","R","M","T","?","R","M","E","E","R","BOSS","M","?","M","M","?","R","E","?"],"items_purchased":["Lantern","War Paint","Indignation"],"item_purchase_floors":[19,19,19],"items_purged":["Strike_P"],"items_purged_floors":[19],"character_chosen":"WATCHER","card_choices":[{"picked":"CarveReality","not_picked":["Study","BowlingBash"],"floor":1},{"picked":"FollowUp","not_picked":["FlyingSleeves","Halt"],"floor":3},{"picked":"SKIP","not_picked":["BowlingBash","Adaptation","SashWhip"],"floor":4},{"picked":"EmptyBody","not_picked":["ClearTheMind","PathToVictory"],"floor":5},{"picked":"FlurryOfBlows","not_picked":["Protect","Blasphemy"],"floor":6},{"picked":"Tantrum","not_picked":["ThirdEye","FlyingSleeves"],"floor":8},{"picked":"InnerPeace","not_picked":["JustLucky","Halt"],"floor":11},{"picked":"BattleHymn","not_picked":["ThirdEye","CutThroughFate"],"floor":13},{"picked":"Collect","not_picked":["BattleHymn","EmptyFist"],"floor":14},{"picked":"DeusExMachina","not_picked":["MasterReality","Scrawl"],"floor":16},{"picked":"SKIP","not_picked":["Halt"],"floor":18},{"picked":"SKIP","not_picked":["Evaluate"],"floor":20},{"picked":"SKIP","not_picked":["Wireheading+1"],"floor":22},{"picked":"SKIP","not_picked":["Weave"],"floor":23},{"picked":"EmptyBody+1","not_picked":[],"floor":25},{"picked":"SKIP","not_picked":["EmptyBody"],"floor":29},{"picked":"SKIP","not_picked":["Wireheading"],"floor":30},{"picked":"SignatureMove+1","not_picked":[],"floor":31},{"picked":"Judgement","not_picked":[],"floor":33},{"picked":"SKIP","not_picked":["EmptyBody+1"],"floor":35},{"picked":"SKIP","not_picked":["InnerPeace+1"],"floor":37},{"picked":"BowlingBash+1","not_picked":[],"floor":38},{"picked":"SKIP","not_picked":["SashWhip+1"],"floor":41}],"event_choices":[{"event_name":"Golden Shrine","player_choice":"Pray","floor":2,"cards_obtained":null,"cards_removed":null,"cards_transformed":null,"cards_upgraded":null,"relics_obtained":null,"potions_obtained":null,"relics_lost":null,"damage_taken":0,"damage_healed":0,"max_hp_loss":0,"max_hp_gain":0,"gold_gain":100,"gold_loss":0},{"event_name":"Accursed Blacksmith","player_choice":"Forge","floor":12,"cards_obtained":null,"cards_removed":null,"cards_transformed":null,"cards_upgraded":["FlurryOfBlows"],"relics_obtained":null,"potions_obtained":null,"relics_lost":null,"damage_taken":0,"damage_healed":0,"max_hp_loss":0,"max_hp_gain":0,"gold_gain":0,"gold_loss":0},{"event_name":"Drug Dealer","player_choice":"Inject Mutagens","floor":27,"cards_obtained":null,"cards_removed":null,"cards_transformed":null,"cards_upgraded":null,"relics_obtained":["MutagenicStrength"],"potions_obtained":null,"relics_lost":null,"damage_taken":0,"damage_healed":0,"max_hp_loss":0,"max_hp_gain":0,"gold_gain":0,"gold_loss":0},{"event_name":"Winding Halls","player_choice":"Embrace Madness","floor":36,"cards_obtained":["Madness","Madness"],"cards_removed":null,"cards_transformed":null,"cards_upgraded":null,"relics_obtained":null,"potions_obtained":null,"relics_lost":null,"damage_taken":10,"damage_healed":0,"max_hp_loss":0,"max_hp_gain":0,"gold_gain":0,"gold_loss":0},{"event_name":"Golden Shrine","player_choice":"Pray","floor":39,"cards_obtained":null,"cards_removed":null,"cards_transformed":null,"cards_upgraded":null,"relics_obtained":null,"potions_obtained":null,"relics_lost":null,"damage_taken":0,"damage_healed":0,"max_hp_loss":0,"max_hp_gain":0,"gold_gain":100,"gold_loss":0}],"boss_relics":[{"picked":"Busted Crown","not_picked":["Pandora's Box","Empty Cage"]},{"picked":"SlaversCollar","not_picked":["Fusion Hammer","Velvet Choker"]}],"damage_taken":[{"floor":1,"enemies":"Small Slimes","damage":0,"turns":1},{"floor":3,"enemies":"Cultist","damage":0,"turns":1},{"floor":4,"enemies":"Jaw Worm","damage":0,"turns":1},{"floor":5,"enemies":"Red Slaver","damage":9,"turns":3},{"floor":6,"enemies":"Gremlin Nob","damage":0,"turns":2},{"floor":8,"enemies":"Lots of Slimes","damage":0,"turns":3},{"floor":11,"enemies":"Looter","damage":0,"turns":1},{"floor":13,"enemies":"2 Fungi Beasts","damage":0,"turns":2},{"floor":14,"enemies":"3 Sentries","damage":24,"turns":4},{"floor":16,"enemies":"Hexaghost","damage":26,"turns":6},{"floor":18,"enemies":"Shell Parasite","damage":2,"turns":3},{"floor":20,"enemies":"2 Thieves","damage":19,"turns":4},{"floor":22,"enemies":"3 Cultists","damage":6,"turns":3},{"floor":23,"enemies":"Gremlin Leader","damage":11,"turns":4},{"floor":25,"enemies":"Snake Plant","damage":15,"turns":4},{"floor":29,"enemies":"Cultist and Chosen","damage":0,"turns":5},{"floor":30,"enemies":"Slavers","damage":19,"turns":4},{"floor":31,"enemies":"Gremlin Leader","damage":0,"turns":3},{"floor":33,"enemies":"Champ","damage":22,"turns":7},{"floor":35,"enemies":"Orb Walker","damage":10,"turns":4},{"floor":37,"enemies":"3 Darklings","damage":43,"turns":4},{"floor":38,"enemies":"Sphere and 2 Shapes","damage":2,"turns":3},{"floor":41,"enemies":"Reptomancer","damage":0,"turns":1},{"floor":42,"enemies":"Transient","damage":46,"turns":3}],"potions_obtained":[{"key":"SkillPotion","floor":1},{"key":"Block Potion","floor":5},{"key":"DuplicationPotion","floor":8},{"key":"Ambrosia","floor":13},{"key":"Explosive Potion","floor":18},{"key":"PowerPotion","floor":23},{"key":"Fruit Juice","floor":25},{"key":"FearPotion","floor":31},{"key":"DistilledChaos","floor":35},{"key":"Block Potion","floor":41}],"relics_obtained":[{"key":"Happy Flower","floor":6},{"key":"Kunai","floor":9},{"key":"WingedGreaves","floor":14},{"key":"Pantograph","floor":21},{"key":"Ornamental Fan","floor":23},{"key":"Shuriken","floor":26},{"key":"Vajra","floor":30},{"key":"Toy Ornithopter","floor":31},{"key":"Boot","floor":41}],"campfire_choices":[{"floor":7,"key":"SMITH","data":"Eruption"},{"floor":10,"key":"SMITH","data":"Tantrum"},{"floor":15,"key":"REST"},{"floor":24,"key":"REST"},{"floor":28,"key":"REST"},{"floor":32,"key":"REST"},{"floor":40,"key":"REST"}],"circlet_count":0,"win_rate":0,"killed_by":"Transient"}