{"play_id":"e41fca02-dde0-48e3-b817-94c723c33943","build_version":"2020-01-27","seed_played":"-8960890640550172185","chose_seed":false,"seed_source_timestamp":1861929195479,"is_daily":false,"special_seed":null,"is_trial":false,"is_endless":false,"is_ascension_mode":true,"ascension_level":5,"neow_bonus":"THREE_ENEMY_KILL","neow_cost":"NONE","is_beta":false,"is_prod":false,"victory":false,"floor_reached":23,"score":273,"timestamp":1758981105,"local_time":"09/27/2025 13:51:45","playtime":858,"player_experience":146729,"master_deck":["Strike_P","Strike_P","Strike_P","Defend_P","Defend_P","Defend_P","Defend_P","Eruption+1","Vigilance","EmptyFist","DevaForm","Protect","Prostrate","CrushJoints","FollowUp","FlurryOfBlows","SandsOfTime","Vault","CarveReality+1"],"relics":["PureWater","NeowsBlessing","Vajra","TeardropLocket","Happy Flower","Bag of Marbles","Ectoplasm"],"gold":8,"campfire_rested":1,"campfire_upgraded":1,"purchased_purges":2,"potions_floor_spawned":[4,6,10,13,14,16,18],"potions_floor_usage":[13,16,16,16,22,22],"current_hp_per_floor":[72,72,72,72,54,54,41,41,41,39,39,39,15,15,36,25,60,43,43,43,43,36,0],"max_hp_per_floor":[72,72,72,72,72,72,72,72,72,72,72,72,72,72,72,72,72,72,72,72,72,72,72],"gold_per_floor":[111,36,36,54,54,79,97,97,147,157,9,27,39,57,57,158,158,158,58,8,8,8,8],"path_per_floor":["M","$","?","M","?","E","M","R","T","M","$","M","M","M","R","B",null,"M","$","?","$","M","E"],"path_taken":["M","$","?","?","?","E","M","R","T","M","?","M","M","M","R","BOSS","M","$","?","?","M","E"],"items_purchased":["Bag of Marbles"],"item_purchase_floors":[11],"items_purged":["Strike_P","Wish"],"items_purged_floors":[2,19],"character_chosen":"WATCHER","card_choices":[{"picked":"EmptyFist","not_picked":["FlyingSleeves","Protect"],"floor":1},{"picked":"Protect","not_picked":["Evaluate","Halt"],"floor":4},{"picked":"Prostrate","not_picked":["CutThroughFate","FearNoEvil"],"floor":6},{"picked":"CrushJoints","not_picked":["SashWhip","CutThroughFate"],"floor":7},{"picked":"FollowUp","not_picked":["Vengeance","EmptyBody"],"floor":10},{"picked":"Wish","not_picked":["JustLucky","Meditate"],"floor":12},{"picked":"FlurryOfBlows","not_picked":["EmptyFist","ThirdEye"],"floor":13},{"picked":"SandsOfTime","not_picked":["EmptyBody","SashWhip"],"floor":14},{"picked":"Vault","not_picked":["Brilliance","DeusExMachina"],"floor":16},{"picked":"SKIP","not_picked":["Weave+1","Wallop","WaveOfTheHand"],"floor":18},{"picked":"CarveReality+1","not_picked":["Consecrate","FollowUp+1"],"floor":22}],"event_choices":[{"event_name":"Match and Keep!","player_choice":"1 cards matched","floor":3,"cards_obtained":["DevaForm"],"cards_removed":null,"cards_transformed":null,"cards_upgraded":null,"relics_obtained":null,"potions_obtained":null,"relics_lost":null,"damage_taken":0,"damage_healed":0,"max_hp_loss":0,"max_hp_gain":0,"gold_gain":0,"gold_loss":0},{"event_name":"Scrap Ooze","player_choice":"Success","floor":5,"cards_obtained":null,"cards_removed":null,"cards_transformed":null,"cards_upgraded":null,"relics_obtained":["Vajra"],"potions_obtained":null,"relics_lost":null,"damage_taken":18,"damage_healed":0,"max_hp_loss":0,"max_hp_gain":0,"gold_gain":0,"gold_loss":0},{"event_name":"The Joust","player_choice":"Bet on Murderer","floor":20,"cards_obtained":null,"cards_removed":null,"cards_transformed":null,"cards_upgraded":null,"relics_obtained":null,"potions_obtained":null,"relics_lost":null,"damage_taken":0,"damage_healed":0,"max_hp_loss":0,"max_hp_gain":0,"gold_gain":100,"gold_loss":50}],"boss_relics":[{"picked":"Ectoplasm","not_picked":["Sozu","Empty Cage"]}],"damage_taken":[{"floor":1,"enemies":"Small Slimes","damage":0,"turns":1},{"floor":4,"enemies":"Cultist","damage":0,"turns":1},{"floor":6,"enemies":"Gremlin Nob","damage":0,"turns":1},{"floor":7,"enemies":"2 Louse","damage":13,"turns":2},{"floor":10,"enemies":"Exordium Thugs","damage":2,"turns":4},{"floor":12,"enemies":"2 Fungi Beasts","damage":0,"turns":1},{"floor":13,"enemies":"Exordium Wildlife","damage":24,"turns":6},{"floor":14,"enemies":"Blue Slaver","damage":0,"turns":2},{"floor":16,"enemies":"The Guardian","damage":11,"turns":11},{"floor":18,"enemies":"Shell Parasite","damage":17,"turns":7},{"floor":22,"enemies":"3 Byrds","damage":7,"turns":4},{"floor":23,"enemies":"Book of Stabbing","damage":41,"turns":5}],"potions_obtained":[{"key":"PowerPotion","floor":4},{"key":"BottledMiracle","floor":6},{"key":"LiquidMemories","floor":10},{"key":"EssenceOfSteel","floor":13},{"key":"Weak Potion","floor":14},{"key":"ColorlessPotion","floor":16},{"key":"Explosive Potion","floor":18}],"relics_obtained":[{"key":"TeardropLocket","floor":6},{"key":"Happy Flower","floor":9}],"campfire_choices":[{"floor":8,"key":"SMITH","data":"Eruption"},{"floor":15,"key":"REST"}],"circlet_count":0,"win_rate":0,"killed_by":"Book of Stabbing"}