{"play_id":"5562ab86-ed2e-45a4-8cb9-f7c08fc25cd8","build_version":"2020-01-27","seed_played":"1015626918116609633","chose_seed":false,"seed_source_timestamp":1840318959449,"is_daily":false,"special_seed":null,"is_trial":false,"is_endless":false,"is_ascension_mode":true,"ascension_level":5,"neow_bonus":"THREE_ENEMY_KILL","neow_cost":"NONE","is_beta":false,"is_prod":false,"victory":false,"floor_reached":14,"score":113,"timestamp":1758979378,"local_time":"09/27/2025 13:22:58","playtime":573,"player_experience":145330,"master_deck":["Strike_P","Strike_P","Strike_P","Defend_P","Defend_P","Defend_P","Defend_P","Eruption+1","Vigilance","Doubt","Study","Enlightenment+1","FearNoEvil","TalkToTheHand+1","BattleHymn","ForeignInfluence","EmptyFist"],"relics":["PureWater","NeowsBlessing","Chemical X","Ancient Tea Set","Mango"],"gold":167,"campfire_rested":0,"campfire_upgraded":2,"purchased_purges":1,"potions_floor_spawned":[11,13],"potions_floor_usage":[14],"current_hp_per_floor":[72,72,72,72,72,72,72,72,72,72,54,44,21,0],"max_hp_per_floor":[72,72,72,72,72,72,72,72,72,72,86,86,86,86],"gold_per_floor":[110,285,53,53,69,69,69,85,111,111,137,149,167,167],"path_per_floor":["M","?","$","?","M","R","?","M","T","R","E","M","M","M"],"path_taken":["M","?","$","?","?","R","?","M","T","R","E","M","?","M"],"items_purchased":["Chemical X"],"item_purchase_floors":[3],"items_purged":["Strike_P"],"items_purged_floors":[3],"character_chosen":"WATCHER","card_choices":[{"picked":"SKIP","not_picked":["Protect","Evaluate","Study"],"floor":1},{"picked":"FearNoEvil","not_picked":["ThirdEye","Meditate"],"floor":5},{"picked":"TalkToTheHand","not_picked":["Crescendo","WaveOfTheHand"],"floor":8},{"picked":"BattleHymn","not_picked":["Judgement","FlurryOfBlows"],"floor":11},{"picked":"ForeignInfluence","not_picked":["Adaptation","ClearTheMind"],"floor":12},{"picked":"EmptyFist","not_picked":["Sanctity","PathToVictory"],"floor":13}],"event_choices":[{"event_name":"Liars Game","player_choice":"AGREE","floor":2,"cards_obtained":["Doubt"],"cards_removed":null,"cards_transformed":null,"cards_upgraded":null,"relics_obtained":null,"potions_obtained":null,"relics_lost":null,"damage_taken":0,"damage_healed":0,"max_hp_loss":0,"max_hp_gain":0,"gold_gain":175,"gold_loss":0},{"event_name":"Match and Keep!","player_choice":"2 cards matched","floor":4,"cards_obtained":["Study","Enlightenment"],"cards_removed":null,"cards_transformed":null,"cards_upgraded":null,"relics_obtained":null,"potions_obtained":null,"relics_lost":null,"damage_taken":0,"damage_healed":0,"max_hp_loss":0,"max_hp_gain":0,"gold_gain":0,"gold_loss":0},{"event_name":"Accursed Blacksmith","player_choice":"Forge","floor":7,"cards_obtained":null,"cards_removed":null,"cards_transformed":null,"cards_upgraded":["Enlightenment"],"relics_obtained":null,"potions_obtained":null,"relics_lost":null,"damage_taken":0,"damage_healed":0,"max_hp_loss":0,"max_hp_gain":0,"gold_gain":0,"gold_loss":0}],"boss_relics":[],"damage_taken":[{"floor":1,"enemies":"Small Slimes","damage":0,"turns":1},{"floor":5,"enemies":"2 Louse","damage":0,"turns":1},{"floor":8,"enemies":"Cultist","damage":0,"turns":1},{"floor":11,"enemies":"3 Sentries","damage":32,"turns":9},{"floor":12,"enemies":"Blue Slaver","damage":10,"turns":4},{"floor":13,"enemies":"Lots of Slimes","damage":23,"turns":4},{"floor":14,"enemies":"Large Slime","damage":21,"turns":5}],"potions_obtained":[{"key":"GamblersBrew","floor":11},{"key":"Block Potion","floor":13}],"relics_obtained":[{"key":"Ancient Tea Set","floor":9},{"key":"Mango","floor":11}],"campfire_choices":[{"floor":6,"key":"SMITH","data":"Eruption"},{"floor":10,"key":"SMITH","data":"TalkToTheHand"}],"circlet_count":0,"win_rate":0,"killed_by":"Large Slime"}