{"play_id":"92ac0db3-a13f-4ef4-b6aa-bce5f8892fe9","build_version":"2020-01-27","seed_played":"-4957376240109256278","chose_seed":false,"seed_source_timestamp":754129806842,"is_daily":false,"special_seed":null,"is_trial":false,"is_endless":false,"is_ascension_mode":false,"ascension_level":0,"neow_bonus":"TEN_PERCENT_HP_BONUS","neow_cost":"NONE","is_beta":false,"is_prod":false,"victory":false,"floor_reached":8,"score":54,"timestamp":1723637316,"local_time":"20240814120836","playtime":498,"player_experience":13596,"master_deck":["Strike_G","Strike_G","Strike_G","Strike_G","Strike_G","Defend_G+1","Defend_G","Defend_G","Defend_G","Defend_G+1","Survivor","Neutralize","Blade Dance","Dagger Spray","Outmaneuver"],"relics":["Ring of the Snake","Juzu Bracelet","Golden Idol"],"gold":131,"campfire_rested":0,"campfire_upgraded":0,"purchased_purges":0,"potions_floor_spawned":[1,6],"potions_floor_usage":[6,8],"current_hp_per_floor":[76,72,72,57,57,11,11,0],"max_hp_per_floor":[77,77,77,77,77,77,71,71],"gold_per_floor":[110,123,123,123,100,131,131,131],"path_per_floor":["M","M","?","?","?","E","?","E"],"path_taken":["M","M","?","?","?","E","?","E"],"items_purchased":[],"item_purchase_floors":[],"items_purged":[],"items_purged_floors":[],"character_chosen":"THE_SILENT","card_choices":[{"picked":"Blade Dance","not_picked":["Tactician","Expertise"],"floor":1},{"picked":"Dagger Spray","not_picked":["Flying Knee","Quick Slash"],"floor":2},{"picked":"Outmaneuver","not_picked":["Heel Hook","All Out Attack"],"floor":6}],"event_choices":[{"event_name":"Liars Game","player_choice":"Ignored","floor":3,"cards_obtained":null,"cards_removed":null,"cards_transformed":null,"cards_upgraded":null,"relics_obtained":null,"potions_obtained":null,"relics_lost":null,"damage_taken":0,"damage_healed":0,"max_hp_loss":0,"max_hp_gain":0,"gold_gain":0,"gold_loss":0},{"event_name":"Shining Light","player_choice":"Entered Light","floor":4,"cards_obtained":null,"cards_removed":null,"cards_transformed":null,"cards_upgraded":["Defend_G","Defend_G"],"relics_obtained":null,"potions_obtained":null,"relics_lost":null,"damage_taken":15,"damage_healed":0,"max_hp_loss":0,"max_hp_gain":0,"gold_gain":0,"gold_loss":0},{"event_name":"World of Goop","player_choice":"Left Gold","floor":5,"cards_obtained":null,"cards_removed":null,"cards_transformed":null,"cards_upgraded":null,"relics_obtained":null,"potions_obtained":null,"relics_lost":null,"damage_taken":0,"damage_healed":0,"max_hp_loss":0,"max_hp_gain":0,"gold_gain":0,"gold_loss":23},{"event_name":"Golden Idol","player_choice":"Lose Max HP","floor":7,"cards_obtained":null,"cards_removed":null,"cards_transformed":null,"cards_upgraded":null,"relics_obtained":["Golden Idol"],"potions_obtained":null,"relics_lost":null,"damage_taken":0,"damage_healed":0,"max_hp_loss":6,"max_hp_gain":0,"gold_gain":0,"gold_loss":0}],"boss_relics":[],"damage_taken":[{"floor":1,"enemies":"2 Louse","damage":1,"turns":6},{"floor":2,"enemies":"Jaw Worm","damage":4,"turns":6},{"floor":6,"enemies":"Lagavulin","damage":46,"turns":11},{"floor":8,"enemies":"3 Sentries","damage":14,"turns":6}],"potions_obtained":[{"key":"SpeedPotion","floor":1},{"key":"Swift Potion","floor":6}],"relics_obtained":[{"key":"Juzu Bracelet","floor":6}],"campfire_choices":[],"circlet_count":0,"win_rate":0,"killed_by":"3 Sentries"}