{"play_id":"4c91c328-b24b-40c3-ae2f-596f042abf4b","build_version":"2020-01-27","seed_played":"-1926965245033871553","chose_seed":false,"seed_source_timestamp":264533158151,"is_daily":false,"special_seed":null,"is_trial":false,"is_endless":false,"is_ascension_mode":false,"ascension_level":0,"neow_bonus":"THREE_ENEMY_KILL","neow_cost":"NONE","is_beta":false,"is_prod":false,"victory":false,"floor_reached":41,"score":468,"timestamp":1723985428,"local_time":"08/18/2024 12:50:28","playtime":2345,"player_experience":29504,"master_deck":["Strike_G","Strike_G","Strike_G","Strike_G+1","Strike_G","Defend_G","Defend_G","Defend_G","Defend_G+1","Defend_G","Survivor","Neutralize","Backstab","Noxious Fumes","Deflect","Catalyst","Finisher","Blade Dance","Bane","Infinite Blades","Bullet Time+1","Leg Sweep+1","Mind Blast","Neutralize","Die Die Die","Blade Dance+1","RitualDagger","Masterful Stab+1","Sucker Punch+1","After Image","Outmaneuver","Choke","Caltrops","Slice+1","A Thousand Cuts","Dash+1","Quick Slash+1","Deadly Poison+1","Quick Slash","Finesse","Sucker Punch+1"],"relics":["Ring of the Snake","NeowsBlessing","Golden Idol","Nunchaku","Omamori","Bag of Preparation","Toy Ornithopter","Odd Mushroom","Toolbox","WristBlade","Nilry's Codex","Bronze Scales","Dream Catcher","Orichalcum","Centennial Puzzle","Black Star","Membership Card","War Paint","Whetstone"],"gold":38,"campfire_rested":5,"campfire_upgraded":0,"purchased_purges":0,"potions_floor_spawned":[1,6,11,16,21,23,31,33,36,37],"potions_floor_usage":[16,21,33,33,33,38,38,38],"current_hp_per_floor":[70,70,65,65,65,42,61,61,61,61,42,41,41,34,53,14,65,65,49,49,54,48,35,54,54,54,39,25,25,25,25,44,33,65,59,51,45,5,5,24,0],"max_hp_per_floor":[70,70,65,65,65,65,65,65,65,65,65,65,65,65,65,65,65,65,65,65,65,65,65,65,65,65,65,65,65,65,65,65,65,65,65,65,65,65,65,65,65],"gold_per_floor":[114,39,39,52,77,108,108,108,133,157,197,231,77,92,92,211,211,231,231,231,251,251,290,290,309,333,349,388,149,170,188,188,308,308,321,344,369,390,38,38,38],"path_per_floor":["M","$","?","M","M","E","R","?","T","T","E","?","$","M","R","B",null,"M","?","?","M","?","E","R","M","T","M","E","$","M","M","R","B",null,"M","M","M","M","$","R","M"],"path_taken":["M","$","?","M","M","E","R","?","T","?","E","?","?","M","R","BOSS","M","?","?","?","?","E","R","M","T","M","E","?","M","M","R","BOSS","M","M","M","M","$","R","M"],"items_purchased":["Noxious Fumes","Toolbox","Centennial Puzzle","Outmaneuver","Choke","Membership Card","War Paint","Whetstone","Finesse"],"item_purchase_floors":[2,13,29,29,29,39,39,39,39],"items_purged":[],"items_purged_floors":[],"character_chosen":"THE_SILENT","card_choices":[{"picked":"Backstab","not_picked":["Tactician","Blur"],"floor":1},{"picked":"Deflect","not_picked":["Quick Slash","Backflip"],"floor":4},{"picked":"Catalyst","not_picked":["Bane","Sucker Punch"],"floor":5},{"picked":"Finisher","not_picked":["Reflex","Backstab"],"floor":6},{"picked":"Blade Dance","not_picked":["Sucker Punch","Flying Knee"],"floor":11},{"picked":"Bane","not_picked":["Predator","Well Laid Plans"],"floor":12},{"picked":"Infinite Blades","not_picked":["Expertise","Predator"],"floor":14},{"picked":"Bullet Time","not_picked":["Glass Knife","Malaise"],"floor":16},{"picked":"Leg Sweep+1","not_picked":["Flying Knee","Dagger Throw"],"floor":18},{"picked":"Blade Dance+1","not_picked":["Acrobatics","Eviscerate"],"floor":21},{"picked":"Masterful Stab","not_picked":["Caltrops","Deflect"],"floor":23},{"picked":"SKIP","not_picked":["Calculated Gamble","Acrobatics","Dagger Throw"],"floor":25},{"picked":"Sucker Punch+1","not_picked":["Dodge and Roll","Flying Knee"],"floor":27},{"picked":"After Image","not_picked":["PiercingWail","Deadly Poison"],"floor":28},{"picked":"Caltrops","not_picked":["Distraction","Backflip"],"floor":30},{"picked":"Slice+1","not_picked":["Quick Slash","Deflect"],"floor":31},{"picked":"A Thousand Cuts","not_picked":["Malaise","Adrenaline"],"floor":33},{"picked":"Dash+1","not_picked":["Deadly Poison","Tactician+1"],"floor":35},{"picked":"Quick Slash+1","not_picked":["Predator+1","Poisoned Stab"],"floor":36},{"picked":"Deadly Poison+1","not_picked":["Sucker Punch+1","Dagger Throw"],"floor":37},{"picked":"Quick Slash","not_picked":["Footwork","Acrobatics+1"],"floor":38},{"picked":"Sucker Punch+1","not_picked":["Escape Plan+1","Tactician"],"floor":40}],"event_choices":[{"event_name":"Golden Idol","player_choice":"Lose Max HP","floor":3,"cards_obtained":null,"cards_removed":null,"cards_transformed":null,"cards_upgraded":null,"relics_obtained":["Golden Idol"],"potions_obtained":null,"relics_lost":null,"damage_taken":0,"damage_healed":0,"max_hp_loss":5,"max_hp_gain":0,"gold_gain":0,"gold_loss":0},{"event_name":"The Cleric","player_choice":"Leave","floor":8,"cards_obtained":null,"cards_removed":null,"cards_transformed":null,"cards_upgraded":null,"relics_obtained":null,"potions_obtained":null,"relics_lost":null,"damage_taken":0,"damage_healed":0,"max_hp_loss":0,"max_hp_gain":0,"gold_gain":0,"gold_loss":0},{"event_name":"Mushrooms","player_choice":"Fought Mushrooms","floor":12,"cards_obtained":null,"cards_removed":null,"cards_transformed":null,"cards_upgraded":null,"relics_obtained":null,"potions_obtained":null,"relics_lost":null,"damage_taken":0,"damage_healed":0,"max_hp_loss":0,"max_hp_gain":0,"gold_gain":0,"gold_loss":0},{"event_name":"Cursed Tome","player_choice":"Obtained Book","floor":19,"cards_obtained":null,"cards_removed":null,"cards_transformed":null,"cards_upgraded":null,"relics_obtained":null,"potions_obtained":null,"relics_lost":null,"damage_taken":16,"damage_healed":0,"max_hp_loss":0,"max_hp_gain":0,"gold_gain":0,"gold_loss":0},{"event_name":"Match and Keep!","player_choice":"3 cards matched","floor":20,"cards_obtained":["Mind Blast","Neutralize","Die Die Die"],"cards_removed":null,"cards_transformed":null,"cards_upgraded":null,"relics_obtained":null,"potions_obtained":null,"relics_lost":null,"damage_taken":0,"damage_healed":0,"max_hp_loss":0,"max_hp_gain":0,"gold_gain":0,"gold_loss":0},{"event_name":"Nest","player_choice":"Joined the Cult","floor":22,"cards_obtained":["RitualDagger"],"cards_removed":null,"cards_transformed":null,"cards_upgraded":null,"relics_obtained":null,"potions_obtained":null,"relics_lost":null,"damage_taken":6,"damage_healed":0,"max_hp_loss":0,"max_hp_gain":0,"gold_gain":0,"gold_loss":0}],"boss_relics":[{"picked":"WristBlade","not_picked":["Ectoplasm","SlaversCollar"]},{"picked":"Black Star","not_picked":["Coffee Dripper","Snecko Eye"]}],"damage_taken":[{"floor":1,"enemies":"2 Louse","damage":0,"turns":1},{"floor":4,"enemies":"Small Slimes","damage":0,"turns":1},{"floor":5,"enemies":"Jaw Worm","damage":0,"turns":1},{"floor":6,"enemies":"3 Sentries","damage":23,"turns":8},{"floor":11,"enemies":"Lagavulin","damage":19,"turns":7},{"floor":12,"enemies":"The Mushroom Lair","damage":1,"turns":3},{"floor":14,"enemies":"Looter","damage":7,"turns":2},{"floor":16,"enemies":"Slime Boss","damage":44,"turns":10},{"floor":18,"enemies":"Spheric Guardian","damage":0,"turns":1},{"floor":21,"enemies":"3 Byrds","damage":0,"turns":4},{"floor":23,"enemies":"Gremlin Leader","damage":13,"turns":2},{"floor":25,"enemies":"Centurion and Healer","damage":0,"turns":2},{"floor":27,"enemies":"Chosen and Byrds","damage":15,"turns":4},{"floor":28,"enemies":"Slavers","damage":14,"turns":4},{"floor":30,"enemies":"Snecko","damage":0,"turns":1},{"floor":31,"enemies":"3 Cultists","damage":0,"turns":2},{"floor":33,"enemies":"Collector","damage":26,"turns":5},{"floor":35,"enemies":"3 Shapes","damage":6,"turns":3},{"floor":36,"enemies":"Orb Walker","damage":8,"turns":2},{"floor":37,"enemies":"4 Shapes","damage":6,"turns":3},{"floor":38,"enemies":"Writhing Mass","damage":55,"turns":3},{"floor":41,"enemies":"3 Darklings","damage":27,"turns":2}],"potions_obtained":[{"key":"Poison Potion","floor":1},{"key":"PowerPotion","floor":6},{"key":"EntropicBrew","floor":11},{"key":"Strength Potion","floor":16},{"key":"Swift Potion","floor":21},{"key":"ColorlessPotion","floor":23},{"key":"SteroidPotion","floor":31},{"key":"AttackPotion","floor":33}],"relics_obtained":[{"key":"Nunchaku","floor":6},{"key":"Omamori","floor":9},{"key":"Bag of Preparation","floor":10},{"key":"Toy Ornithopter","floor":11},{"key":"Odd Mushroom","floor":12},{"key":"Nilry's Codex","floor":19},{"key":"Bronze Scales","floor":23},{"key":"Dream Catcher","floor":26},{"key":"Orichalcum","floor":28}],"campfire_choices":[{"floor":7,"key":"REST"},{"floor":15,"key":"REST"},{"floor":24,"key":"REST"},{"floor":32,"key":"REST"},{"floor":40,"key":"REST"}],"circlet_count":0,"win_rate":0,"killed_by":"3 Darklings"}