{"play_id":"0debaa2c-b408-4de6-b7c0-9e38098f2570","build_version":"2020-01-27","seed_played":"-2640166280426922011","chose_seed":false,"seed_source_timestamp":1246347141368,"is_daily":false,"special_seed":null,"is_trial":false,"is_endless":false,"is_ascension_mode":false,"ascension_level":0,"neow_bonus":"THREE_ENEMY_KILL","neow_cost":"NONE","is_beta":false,"is_prod":false,"victory":false,"floor_reached":33,"score":281,"timestamp":1723733319,"local_time":"08/15/2024 14:48:39","playtime":1901,"player_experience":14107,"master_deck":["Strike_G","Strike_G","Strike_G","Strike_G","Strike_G","Defend_G","Defend_G","Defend_G","Defend_G","Defend_G","Survivor","Neutralize","Flying Knee","Finisher","Crippling Poison+1","Backstab","Bullet Time","Deadly Poison","Terror","Parasite","Leg Sweep","Die Die Die","Skewer+1","Dodge and Roll","All Out Attack","Underhanded Strike","Mind Blast","Masterful Stab+1","Backstab+1","Swift Strike","Heel Hook","Backstab","Crippling Poison","Phantasmal Killer"],"relics":["Ring of the Snake","NeowsBlessing","Mercury Hourglass","Mummified Hand","Kunai","Centennial Puzzle","Boot","SlaversCollar","HandDrill","MealTicket","Dream Catcher","Bag of Marbles"],"gold":166,"campfire_rested":5,"campfire_upgraded":1,"purchased_purges":0,"potions_floor_spawned":[5,8,14,16,18,20,21,29],"potions_floor_usage":[11,16,24,33,33,33],"current_hp_per_floor":[70,70,70,63,52,52,33,33,33,33,14,35,52,49,70,40,70,54,53,50,37,37,58,26,47,47,35,11,11,26,26,47,0],"max_hp_per_floor":[70,70,70,70,70,70,70,70,70,70,70,70,70,70,70,70,70,70,70,70,70,70,70,70,70,70,70,70,70,70,70,70,70],"gold_per_floor":[113,129,147,147,163,163,198,213,213,243,268,268,268,285,285,388,388,408,424,436,451,69,69,102,102,127,127,139,151,151,166,166,166],"path_per_floor":["M","M","M","?","M","R","E","M","T","?","E","R","?","M","R","B",null,"M","M","M","M","$","R","E","R","T","?","M","M","$","M","R","B"],"path_taken":["M","M","M","?","M","R","E","M","T","?","E","R","?","M","R","BOSS","M","M","M","M","$","R","E","R","T","?","M","?","?","M","R","BOSS"],"items_purchased":["HandDrill","Mind Blast","MealTicket"],"item_purchase_floors":[22,22,22],"items_purged":[],"items_purged_floors":[],"character_chosen":"THE_SILENT","card_choices":[{"picked":"Flying Knee","not_picked":["Acrobatics","Sucker Punch"],"floor":1},{"picked":"Finisher","not_picked":["Reflex","Masterful Stab"],"floor":2},{"picked":"Crippling Poison","not_picked":["Backflip","Underhanded Strike"],"floor":3},{"picked":"Backstab","not_picked":["Venomology","Infinite Blades"],"floor":5},{"picked":"Bullet Time","not_picked":["Quick Slash","Slice"],"floor":7},{"picked":"Deadly Poison","not_picked":["Underhanded Strike","Dagger Spray"],"floor":8},{"picked":"Terror","not_picked":["Dagger Spray","A Thousand Cuts"],"floor":11},{"picked":"Leg Sweep","not_picked":["Quick Slash","Choke"],"floor":14},{"picked":"Die Die Die","not_picked":["Glass Knife","Phantasmal Killer"],"floor":16},{"picked":"Skewer+1","not_picked":["PiercingWail+1","Prepared"],"floor":18},{"picked":"Dodge and Roll","not_picked":["Prepared","Backflip"],"floor":19},{"picked":"All Out Attack","not_picked":["Flying Knee","PiercingWail"],"floor":20},{"picked":"Underhanded Strike","not_picked":["Acrobatics","Infinite Blades"],"floor":21},{"picked":"Masterful Stab+1","not_picked":["Poisoned Stab","Night Terror"],"floor":24},{"picked":"Backstab+1","not_picked":["Quick Slash","Well Laid Plans"],"floor":25},{"picked":"Heel Hook","not_picked":["Sucker Punch","Dodge and Roll"],"floor":28},{"picked":"Backstab","not_picked":["Underhanded Strike","Finisher"],"floor":29},{"picked":"Crippling Poison","not_picked":["Riddle With Holes","Underhanded Strike"],"floor":31},{"picked":"Phantasmal Killer","not_picked":["Deadly Poison","Backflip"],"floor":32}],"event_choices":[{"event_name":"Scrap Ooze","player_choice":"Success","floor":4,"cards_obtained":null,"cards_removed":null,"cards_transformed":null,"cards_upgraded":null,"relics_obtained":["Mercury Hourglass"],"potions_obtained":null,"relics_lost":null,"damage_taken":7,"damage_healed":0,"max_hp_loss":0,"max_hp_gain":0,"gold_gain":0,"gold_loss":0},{"event_name":"Dead Adventurer","player_choice":"Searched '2' times","floor":10,"cards_obtained":null,"cards_removed":null,"cards_transformed":null,"cards_upgraded":null,"relics_obtained":["Centennial Puzzle"],"potions_obtained":null,"relics_lost":null,"damage_taken":0,"damage_healed":0,"max_hp_loss":0,"max_hp_gain":0,"gold_gain":30,"gold_loss":0},{"event_name":"Mushrooms","player_choice":"Healed and dodged fight","floor":13,"cards_obtained":["Parasite"],"cards_removed":null,"cards_transformed":null,"cards_upgraded":null,"relics_obtained":null,"potions_obtained":null,"relics_lost":null,"damage_taken":0,"damage_healed":17,"max_hp_loss":0,"max_hp_gain":0,"gold_gain":0,"gold_loss":0},{"event_name":"Knowing Skull","player_choice":"CARD ","floor":27,"cards_obtained":["Swift Strike"],"cards_removed":null,"cards_transformed":null,"cards_upgraded":null,"relics_obtained":null,"potions_obtained":[],"relics_lost":null,"damage_taken":12,"damage_healed":0,"max_hp_loss":0,"max_hp_gain":0,"gold_gain":0,"gold_loss":0}],"boss_relics":[{"picked":"SlaversCollar","not_picked":["Empty Cage","Snecko Eye"]}],"damage_taken":[{"floor":1,"enemies":"2 Louse","damage":0,"turns":1},{"floor":2,"enemies":"Small Slimes","damage":0,"turns":1},{"floor":3,"enemies":"Jaw Worm","damage":0,"turns":1},{"floor":5,"enemies":"Gremlin Gang","damage":11,"turns":3},{"floor":7,"enemies":"3 Sentries","damage":19,"turns":8},{"floor":8,"enemies":"Red Slaver","damage":0,"turns":3},{"floor":11,"enemies":"Lagavulin","damage":19,"turns":5},{"floor":14,"enemies":"2 Fungi Beasts","damage":3,"turns":2},{"floor":16,"enemies":"The Guardian","damage":30,"turns":9},{"floor":18,"enemies":"2 Thieves","damage":16,"turns":3},{"floor":19,"enemies":"Chosen","damage":1,"turns":4},{"floor":20,"enemies":"Centurion and Healer","damage":3,"turns":5},{"floor":21,"enemies":"Shelled Parasite and Fungi","damage":13,"turns":5},{"floor":24,"enemies":"Slavers","damage":32,"turns":6},{"floor":28,"enemies":"Sentry and Sphere","damage":24,"turns":4},{"floor":29,"enemies":"Centurion and Healer","damage":0,"turns":1},{"floor":31,"enemies":"Snecko","damage":0,"turns":2},{"floor":33,"enemies":"Automaton","damage":52,"turns":6}],"potions_obtained":[{"key":"CultistPotion","floor":5},{"key":"Energy Potion","floor":8},{"key":"SteroidPotion","floor":14},{"key":"BlessingOfTheForge","floor":16},{"key":"Fire Potion","floor":18},{"key":"FearPotion","floor":20},{"key":"LiquidBronze","floor":29}],"relics_obtained":[{"key":"Mummified Hand","floor":7},{"key":"Kunai","floor":9},{"key":"Boot","floor":11},{"key":"Dream Catcher","floor":24},{"key":"Bag of Marbles","floor":26}],"campfire_choices":[{"floor":6,"key":"SMITH","data":"Crippling Poison"},{"floor":12,"key":"REST"},{"floor":15,"key":"REST"},{"floor":23,"key":"REST"},{"floor":25,"key":"REST"},{"floor":32,"key":"REST"}],"circlet_count":0,"win_rate":0,"killed_by":"Automaton"}