{"play_id":"5ea9911d-4875-4a23-9514-bc11ebdc8865","build_version":"2020-01-27","seed_played":"-4999020855669162001","chose_seed":false,"seed_source_timestamp":184446542664,"is_daily":false,"special_seed":null,"is_trial":false,"is_endless":false,"is_ascension_mode":false,"ascension_level":0,"neow_bonus":"BOSS_RELIC","neow_cost":"NONE","is_beta":false,"is_prod":false,"victory":false,"floor_reached":25,"score":223,"timestamp":1723779550,"local_time":"20240816033910","playtime":1557,"player_experience":16008,"master_deck":["Strike_G","Strike_G","Strike_G","Strike_G","Strike_G","Defend_G","Defend_G","Defend_G","Defend_G","Defend_G","Survivor","Neutralize","All Out Attack","Deadly Poison","Regret","Injury","Choke","Bane","Underhanded Strike","Doubt","Blade Dance","A Thousand Cuts","Burst","PiercingWail+1","Masterful Stab","Deflect+1","Eviscerate","Bane"],"relics":["Fusion Hammer","Bag of Marbles","Golden Idol","Letter Opener","Orichalcum","Peace Pipe","WristBlade","Nloth's Gift"],"gold":727,"campfire_rested":4,"campfire_upgraded":0,"purchased_purges":0,"potions_floor_spawned":[1,2,8,11,19,20],"potions_floor_usage":[16,16,25,25,25,25],"current_hp_per_floor":[70,70,70,70,69,39,60,41,41,41,33,17,38,27,48,19,70,56,54,37,30,30,51,47,0],"max_hp_per_floor":[70,70,70,70,70,70,70,70,70,70,70,70,70,70,70,70,70,70,70,70,70,70,70,70,70],"gold_per_floor":[112,122,122,122,136,175,175,210,210,385,398,439,439,514,514,639,639,663,677,692,712,712,712,727,727],"path_per_floor":["M","M","?","?","M","E","R","E","T","?","M","E","R","?","R","B",null,"M","M","M","M","?","R","M","E"],"path_taken":["M","M","?","?","M","E","R","E","T","?","M","E","R","?","R","BOSS","M","M","M","M","?","R","?","E"],"items_purchased":[],"item_purchase_floors":[],"items_purged":[],"items_purged_floors":[],"character_chosen":"THE_SILENT","card_choices":[{"picked":"All Out Attack","not_picked":["Tactician","Dagger Throw"],"floor":1},{"picked":"Deadly Poison","not_picked":["Deflect","Masterful Stab"],"floor":2},{"picked":"Choke","not_picked":["Poisoned Stab","Flying Knee"],"floor":5},{"picked":"Bane","not_picked":["Reflex","Deflect"],"floor":6},{"picked":"Underhanded Strike","not_picked":["Tools of the Trade","Poisoned Stab"],"floor":8},{"picked":"Blade Dance","not_picked":["Flechettes","Bane"],"floor":11},{"picked":"A Thousand Cuts","not_picked":["Flying Knee","Underhanded Strike"],"floor":12},{"picked":"Burst","not_picked":["A Thousand Cuts","After Image"],"floor":16},{"picked":"PiercingWail+1","not_picked":["Poisoned Stab","Quick Slash"],"floor":18},{"picked":"Masterful Stab","not_picked":["PiercingWail+1","Reflex"],"floor":19},{"picked":"Deflect+1","not_picked":["Eviscerate","Choke"],"floor":20},{"picked":"Eviscerate","not_picked":["Expertise","Deadly Poison+1"],"floor":21},{"picked":"Bane","not_picked":["Dodge and Roll","Deflect"],"floor":24}],"event_choices":[{"event_name":"Big Fish","player_choice":"Box","floor":3,"cards_obtained":["Regret"],"cards_removed":null,"cards_transformed":null,"cards_upgraded":null,"relics_obtained":["Bag of Marbles"],"potions_obtained":null,"relics_lost":null,"damage_taken":0,"damage_healed":0,"max_hp_loss":0,"max_hp_gain":0,"gold_gain":0,"gold_loss":0},{"event_name":"Golden Idol","player_choice":"Take Wound","floor":4,"cards_obtained":["Injury"],"cards_removed":null,"cards_transformed":null,"cards_upgraded":null,"relics_obtained":["Golden Idol"],"potions_obtained":null,"relics_lost":null,"damage_taken":0,"damage_healed":0,"max_hp_loss":0,"max_hp_gain":0,"gold_gain":0,"gold_loss":0},{"event_name":"Liars Game","player_choice":"AGREE","floor":10,"cards_obtained":["Doubt"],"cards_removed":null,"cards_transformed":null,"cards_upgraded":null,"relics_obtained":null,"potions_obtained":null,"relics_lost":null,"damage_taken":0,"damage_healed":0,"max_hp_loss":0,"max_hp_gain":0,"gold_gain":175,"gold_loss":0},{"event_name":"World of Goop","player_choice":"Gather Gold","floor":14,"cards_obtained":null,"cards_removed":null,"cards_transformed":null,"cards_upgraded":null,"relics_obtained":null,"potions_obtained":null,"relics_lost":null,"damage_taken":11,"damage_healed":0,"max_hp_loss":0,"max_hp_gain":0,"gold_gain":75,"gold_loss":0},{"event_name":"N'loth","player_choice":"Traded Relic","floor":22,"cards_obtained":null,"cards_removed":null,"cards_transformed":null,"cards_upgraded":null,"relics_obtained":["Nloth's Gift"],"potions_obtained":null,"relics_lost":["Potion Belt"],"damage_taken":0,"damage_healed":0,"max_hp_loss":0,"max_hp_gain":0,"gold_gain":0,"gold_loss":0}],"boss_relics":[{"picked":"WristBlade","not_picked":["Tiny House","Philosopher's Stone"]}],"damage_taken":[{"floor":1,"enemies":"2 Louse","damage":0,"turns":4},{"floor":2,"enemies":"Jaw Worm","damage":0,"turns":4},{"floor":5,"enemies":"Small Slimes","damage":1,"turns":3},{"floor":6,"enemies":"Gremlin Nob","damage":30,"turns":5},{"floor":8,"enemies":"3 Sentries","damage":19,"turns":5},{"floor":11,"enemies":"3 Louse","damage":8,"turns":2},{"floor":12,"enemies":"Lagavulin","damage":16,"turns":4},{"floor":16,"enemies":"Hexaghost","damage":29,"turns":8},{"floor":18,"enemies":"2 Thieves","damage":14,"turns":2},{"floor":19,"enemies":"Chosen","damage":2,"turns":4},{"floor":20,"enemies":"Centurion and Healer","damage":17,"turns":4},{"floor":21,"enemies":"Snecko","damage":7,"turns":3},{"floor":24,"enemies":"Cultist and Chosen","damage":4,"turns":5},{"floor":25,"enemies":"Gremlin Leader","damage":55,"turns":6}],"potions_obtained":[{"key":"AttackPotion","floor":1},{"key":"Ancient Potion","floor":2},{"key":"AttackPotion","floor":8},{"key":"SneckoOil","floor":11},{"key":"Block Potion","floor":19},{"key":"Block Potion","floor":20}],"relics_obtained":[{"key":"Letter Opener","floor":6},{"key":"Potion Belt","floor":8},{"key":"Orichalcum","floor":9},{"key":"Peace Pipe","floor":12}],"campfire_choices":[{"floor":7,"key":"REST"},{"floor":13,"key":"REST"},{"floor":15,"key":"REST"},{"floor":23,"key":"REST"}],"circlet_count":0,"win_rate":0,"killed_by":"Gremlin Leader"}