{"play_id":"223a1e9d-6474-4e13-9fed-06f576fc59b9","build_version":"2020-01-27","seed_played":"-1233079476160677679","chose_seed":false,"seed_source_timestamp":123161804673,"is_daily":false,"special_seed":null,"is_trial":false,"is_endless":false,"is_ascension_mode":false,"ascension_level":0,"neow_bonus":"THREE_ENEMY_KILL","neow_cost":"NONE","is_beta":false,"is_prod":false,"victory":false,"floor_reached":40,"score":486,"timestamp":1724243677,"local_time":"08/21/2024 12:34:37","playtime":1900,"player_experience":36354,"master_deck":["Strike_G+1","Strike_G+1","Strike_G+1","Strike_G+1","Strike_G+1","Defend_G+1","Defend_G+1","Defend_G+1","Survivor","Neutralize","Deadly Poison","Doubt","All Out Attack","Quick Slash","Blur","Outmaneuver","Blade Dance","Die Die Die+1","Poisoned Stab","Backstab","Phantasmal Killer","Dash+1","Infinite Blades","Malaise","Poisoned Stab+1","After Image","Eviscerate+1","Bane+1","Choke+1","Backflip+1","Poisoned Stab+1","Skewer+1","Glass Knife+1","Caltrops+1","Madness","Madness"],"relics":["Ring of the Snake","NeowsBlessing","Omamori","Regal Pillow","Pear","Velvet Choker","Lee's Waffle","Snake Skull","Blood Vial","Molten Egg 2","Ancient Tea Set","Dream Catcher","Juzu Bracelet","Cursed Key","White Beast Statue","Red Mask"],"gold":0,"campfire_rested":4,"campfire_upgraded":1,"purchased_purges":0,"potions_floor_spawned":[4,5,6,10,13,14,18,23,27,28,31,35],"potions_floor_usage":[10,16,16,16,33,33,33,40],"current_hp_per_floor":[70,70,63,63,63,14,35,30,30,15,54,54,46,36,75,17,80,58,87,87,87,87,76,76,69,69,58,49,87,87,77,77,7,87,69,69,58,58,58,0],"max_hp_per_floor":[70,70,70,70,70,70,70,70,70,80,80,80,80,80,80,80,80,80,87,87,87,87,87,87,87,87,87,87,87,87,87,87,87,87,87,87,87,87,87,87],"gold_per_floor":[110,285,285,301,320,348,348,364,364,390,390,401,417,428,428,526,526,507,0,0,17,17,47,47,57,106,117,129,129,105,135,135,231,231,249,1,1,1,0,0],"path_per_floor":["M","?","?","M","M","E","R","M","T","E","R","M","M","M","R","B",null,"M","$","?","M","?","E","?","M","T","M","M","R","$","E","R","B",null,"M","$","?","$","?","E"],"path_taken":["M","?","?","M","?","E","R","M","T","E","R","M","M","M","R","BOSS","M","$","?","?","?","E","?","M","T","M","M","R","?","E","R","BOSS","M","$","?","$","?","E"],"items_purchased":["Lee's Waffle","Snake Skull","Blood Vial","Infinite Blades","Poisoned Stab+1","White Beast Statue"],"item_purchase_floors":[19,19,19,19,30,36],"items_purged":[],"items_purged_floors":[],"character_chosen":"THE_SILENT","card_choices":[{"picked":"Deadly Poison","not_picked":["Backflip","Expertise"],"floor":1},{"picked":"All Out Attack","not_picked":["Finisher","Infinite Blades"],"floor":4},{"picked":"Quick Slash","not_picked":["Prepared","Underhanded Strike"],"floor":5},{"picked":"Blur","not_picked":["All Out Attack","Heel Hook"],"floor":6},{"picked":"Outmaneuver","not_picked":["Riddle With Holes","Leg Sweep"],"floor":8},{"picked":"Blade Dance","not_picked":["Acrobatics","Dodge and Roll"],"floor":10},{"picked":"Die Die Die","not_picked":["Dodge and Roll","Poisoned Stab"],"floor":12},{"picked":"Poisoned Stab","not_picked":["Expertise","Underhanded Strike"],"floor":13},{"picked":"Backstab","not_picked":["PiercingWail","Deadly Poison"],"floor":14},{"picked":"Phantasmal Killer","not_picked":["A Thousand Cuts","Tools of the Trade"],"floor":16},{"picked":"Dash+1","not_picked":["Flechettes+1","Blade Dance"],"floor":18},{"picked":"Poisoned Stab+1","not_picked":["Outmaneuver","Prepared"],"floor":21},{"picked":"After Image","not_picked":["Distraction","Blur"],"floor":23},{"picked":"Eviscerate+1","not_picked":["Deadly Poison","Flying Knee+1"],"floor":25},{"picked":"Bane+1","not_picked":["Deflect+1","Blade Dance"],"floor":27},{"picked":"Choke+1","not_picked":["Prepared+1","Heel Hook+1"],"floor":28},{"picked":"Backflip+1","not_picked":["PiercingWail","Blur"],"floor":29},{"picked":"Skewer+1","not_picked":["Deflect","Catalyst"],"floor":31},{"picked":"Glass Knife+1","not_picked":["Doppelganger","Unload+1"],"floor":33},{"picked":"Caltrops+1","not_picked":["Quick Slash+1","Riddle With Holes+1"],"floor":35}],"event_choices":[{"event_name":"Liars Game","player_choice":"AGREE","floor":2,"cards_obtained":["Doubt"],"cards_removed":null,"cards_transformed":null,"cards_upgraded":null,"relics_obtained":null,"potions_obtained":null,"relics_lost":null,"damage_taken":0,"damage_healed":0,"max_hp_loss":0,"max_hp_gain":0,"gold_gain":175,"gold_loss":0},{"event_name":"Golden Wing","player_choice":"Card Removal","floor":3,"cards_obtained":null,"cards_removed":["Defend_G"],"cards_transformed":null,"cards_upgraded":null,"relics_obtained":null,"potions_obtained":null,"relics_lost":null,"damage_taken":7,"damage_healed":0,"max_hp_loss":0,"max_hp_gain":0,"gold_gain":0,"gold_loss":0},{"event_name":"Transmorgrifier","player_choice":"Transformed","floor":20,"cards_obtained":["Malaise"],"cards_removed":null,"cards_transformed":["Defend_G"],"cards_upgraded":null,"relics_obtained":null,"potions_obtained":null,"relics_lost":null,"damage_taken":0,"damage_healed":0,"max_hp_loss":0,"max_hp_gain":0,"gold_gain":0,"gold_loss":0},{"event_name":"Back to Basics","player_choice":"Simplicity","floor":22,"cards_obtained":null,"cards_removed":null,"cards_transformed":null,"cards_upgraded":["Strike_G","Strike_G","Strike_G","Strike_G","Strike_G","Defend_G","Defend_G","Defend_G"],"relics_obtained":null,"potions_obtained":null,"relics_lost":null,"damage_taken":0,"damage_healed":0,"max_hp_loss":0,"max_hp_gain":0,"gold_gain":0,"gold_loss":0},{"event_name":"Addict","player_choice":"Stole Relic","floor":24,"cards_obtained":["Shame"],"cards_removed":null,"cards_transformed":null,"cards_upgraded":null,"relics_obtained":["Ancient Tea Set"],"potions_obtained":null,"relics_lost":null,"damage_taken":0,"damage_healed":0,"max_hp_loss":0,"max_hp_gain":0,"gold_gain":0,"gold_loss":0},{"event_name":"Winding Halls","player_choice":"Embrace Madness","floor":37,"cards_obtained":["Madness","Madness"],"cards_removed":null,"cards_transformed":null,"cards_upgraded":null,"relics_obtained":null,"potions_obtained":null,"relics_lost":null,"damage_taken":11,"damage_healed":0,"max_hp_loss":0,"max_hp_gain":0,"gold_gain":0,"gold_loss":0},{"event_name":"Tomb of Lord Red Mask","player_choice":"Paid","floor":39,"cards_obtained":null,"cards_removed":null,"cards_transformed":null,"cards_upgraded":null,"relics_obtained":["Red Mask"],"potions_obtained":null,"relics_lost":null,"damage_taken":0,"damage_healed":0,"max_hp_loss":0,"max_hp_gain":0,"gold_gain":0,"gold_loss":1}],"boss_relics":[{"picked":"Velvet Choker","not_picked":["Fusion Hammer","Calling Bell"]},{"picked":"Cursed Key","not_picked":["Sozu","Coffee Dripper"]}],"damage_taken":[{"floor":1,"enemies":"Jaw Worm","damage":0,"turns":1},{"floor":4,"enemies":"Small Slimes","damage":0,"turns":1},{"floor":5,"enemies":"Cultist","damage":0,"turns":1},{"floor":6,"enemies":"Lagavulin","damage":49,"turns":7},{"floor":8,"enemies":"Lots of Slimes","damage":5,"turns":2},{"floor":10,"enemies":"3 Sentries","damage":25,"turns":9},{"floor":12,"enemies":"Blue Slaver","damage":0,"turns":4},{"floor":13,"enemies":"3 Louse","damage":8,"turns":2},{"floor":14,"enemies":"Exordium Thugs","damage":10,"turns":4},{"floor":16,"enemies":"Hexaghost","damage":58,"turns":10},{"floor":18,"enemies":"2 Thieves","damage":22,"turns":4},{"floor":21,"enemies":"Chosen","damage":0,"turns":4},{"floor":23,"enemies":"Book of Stabbing","damage":11,"turns":6},{"floor":25,"enemies":"Snecko","damage":9,"turns":4},{"floor":27,"enemies":"Cultist and Chosen","damage":13,"turns":6},{"floor":28,"enemies":"Centurion and Healer","damage":11,"turns":6},{"floor":31,"enemies":"Gremlin Leader","damage":10,"turns":5},{"floor":33,"enemies":"Automaton","damage":84,"turns":8},{"floor":35,"enemies":"3 Shapes","damage":18,"turns":3},{"floor":40,"enemies":"Giant Head","damage":79,"turns":7}],"potions_obtained":[{"key":"CunningPotion","floor":4},{"key":"BlessingOfTheForge","floor":5},{"key":"SkillPotion","floor":6},{"key":"SteroidPotion","floor":10},{"key":"LiquidMemories","floor":13},{"key":"Dexterity Potion","floor":14},{"key":"CunningPotion","floor":18},{"key":"PowerPotion","floor":23},{"key":"DistilledChaos","floor":27},{"key":"Poison Potion","floor":28},{"key":"Regen Potion","floor":31},{"key":"ColorlessPotion","floor":35}],"relics_obtained":[{"key":"Omamori","floor":6},{"key":"Regal Pillow","floor":9},{"key":"Pear","floor":10},{"key":"Molten Egg 2","floor":23},{"key":"Dream Catcher","floor":26},{"key":"Juzu Bracelet","floor":31}],"campfire_choices":[{"floor":7,"key":"REST"},{"floor":11,"key":"REST"},{"floor":15,"key":"REST"},{"floor":29,"key":"REST"},{"floor":32,"key":"SMITH","data":"Die Die Die"}],"circlet_count":0,"win_rate":0,"killed_by":"Giant Head"}