{"play_id":"d9bb95a8-d00b-4999-9dcc-116436f821ec","build_version":"2020-01-27","seed_played":"-2816904701154437642","chose_seed":false,"seed_source_timestamp":787119483379,"is_daily":false,"special_seed":null,"is_trial":false,"is_endless":false,"is_ascension_mode":false,"ascension_level":0,"neow_bonus":"RANDOM_COMMON_RELIC","neow_cost":"NONE","is_beta":false,"is_prod":false,"victory":false,"floor_reached":25,"score":211,"timestamp":1724398565,"local_time":"08/23/2024 07:36:05","playtime":1110,"player_experience":38254,"master_deck":["Strike_G","Strike_G","Strike_G","Strike_G","Strike_G","Defend_G","Defend_G","Defend_G","Defend_G+1","Survivor","Neutralize","Riddle With Holes","Dagger Spray","Endless Agony","Underhanded Strike","Poisoned Stab+1","The Bomb","Skewer","Night Terror","Heel Hook+1","Bane+1","HandOfGreed","Deflect","Sucker Punch","Noxious Fumes"],"relics":["Ring of the Snake","MealTicket","Kunai","Ornamental Fan","The Specimen","Philosopher's Stone","MutagenicStrength"],"gold":72,"campfire_rested":4,"campfire_upgraded":0,"purchased_purges":0,"potions_floor_spawned":[1,2,19],"potions_floor_usage":[7,16,16,25],"current_hp_per_floor":[68,67,60,60,55,70,36,57,57,44,59,45,34,33,54,26,70,60,60,70,70,57,70,61,0],"max_hp_per_floor":[70,70,70,70,70,70,70,70,70,70,70,70,70,70,70,70,70,70,70,70,70,70,70,70,70],"gold_per_floor":[119,134,134,134,144,144,170,170,170,195,4,4,79,92,92,197,197,217,228,20,20,59,59,72,72],"path_per_floor":["M","M","?","?","M","R","E","R","T","E","$","?","?","M","R","B",null,"M","M","$","?","M","R","M","E"],"path_taken":["M","M","?","?","?","R","E","R","T","E","$","?","?","M","R","BOSS","M","M","$","?","M","R","M","E"],"items_purchased":["The Bomb","HandOfGreed","Deflect"],"item_purchase_floors":[11,20,20],"items_purged":[],"items_purged_floors":[],"character_chosen":"THE_SILENT","card_choices":[{"picked":"Riddle With Holes","not_picked":["Infinite Blades","Blade Dance"],"floor":1},{"picked":"Dagger Spray","not_picked":["Dagger Throw","Slice"],"floor":2},{"picked":"Endless Agony","not_picked":["Dagger Spray","Riddle With Holes"],"floor":5},{"picked":"Underhanded Strike","not_picked":["Heel Hook","Dodge and Roll"],"floor":7},{"picked":"Poisoned Stab","not_picked":["Prepared","Terror"],"floor":10},{"picked":"Skewer","not_picked":["Slice","Backflip"],"floor":14},{"picked":"Night Terror","not_picked":["After Image","Bullet Time"],"floor":16},{"picked":"Heel Hook+1","not_picked":["Quick Slash","Dagger Spray"],"floor":18},{"picked":"Bane+1","not_picked":["Blade Dance","Quick Slash"],"floor":19},{"picked":"Sucker Punch","not_picked":["Dagger Spray","Dagger Throw"],"floor":22},{"picked":"Noxious Fumes","not_picked":["Sucker Punch","Deadly Poison"],"floor":24}],"event_choices":[{"event_name":"Golden Wing","player_choice":"Card Removal","floor":3,"cards_obtained":null,"cards_removed":["Defend_G"],"cards_transformed":null,"cards_upgraded":null,"relics_obtained":null,"potions_obtained":null,"relics_lost":null,"damage_taken":7,"damage_healed":0,"max_hp_loss":0,"max_hp_gain":0,"gold_gain":0,"gold_loss":0},{"event_name":"Lab","player_choice":"Got Potions","floor":4,"cards_obtained":null,"cards_removed":null,"cards_transformed":null,"cards_upgraded":null,"relics_obtained":null,"potions_obtained":null,"relics_lost":null,"damage_taken":0,"damage_healed":0,"max_hp_loss":0,"max_hp_gain":0,"gold_gain":0,"gold_loss":0},{"event_name":"Shining Light","player_choice":"Entered Light","floor":12,"cards_obtained":null,"cards_removed":null,"cards_transformed":null,"cards_upgraded":["Poisoned Stab","Defend_G"],"relics_obtained":null,"potions_obtained":null,"relics_lost":null,"damage_taken":14,"damage_healed":0,"max_hp_loss":0,"max_hp_gain":0,"gold_gain":0,"gold_loss":0},{"event_name":"World of Goop","player_choice":"Gather Gold","floor":13,"cards_obtained":null,"cards_removed":null,"cards_transformed":null,"cards_upgraded":null,"relics_obtained":null,"potions_obtained":null,"relics_lost":null,"damage_taken":11,"damage_healed":0,"max_hp_loss":0,"max_hp_gain":0,"gold_gain":75,"gold_loss":0},{"event_name":"Drug Dealer","player_choice":"Inject Mutagens","floor":21,"cards_obtained":null,"cards_removed":null,"cards_transformed":null,"cards_upgraded":null,"relics_obtained":["MutagenicStrength"],"potions_obtained":null,"relics_lost":null,"damage_taken":0,"damage_healed":0,"max_hp_loss":0,"max_hp_gain":0,"gold_gain":0,"gold_loss":0}],"boss_relics":[{"picked":"Philosopher's Stone","not_picked":["Velvet Choker","Coffee Dripper"]}],"damage_taken":[{"floor":1,"enemies":"Jaw Worm","damage":2,"turns":5},{"floor":2,"enemies":"Cultist","damage":1,"turns":5},{"floor":5,"enemies":"Small Slimes","damage":5,"turns":4},{"floor":7,"enemies":"Lagavulin","damage":34,"turns":10},{"floor":10,"enemies":"3 Sentries","damage":13,"turns":8},{"floor":14,"enemies":"2 Fungi Beasts","damage":1,"turns":3},{"floor":16,"enemies":"The Guardian","damage":28,"turns":8},{"floor":18,"enemies":"3 Byrds","damage":10,"turns":3},{"floor":19,"enemies":"Chosen","damage":0,"turns":4},{"floor":22,"enemies":"3 Cultists","damage":13,"turns":4},{"floor":24,"enemies":"Snecko","damage":9,"turns":4},{"floor":25,"enemies":"Slavers","damage":61,"turns":3}],"potions_obtained":[{"key":"Poison Potion","floor":1},{"key":"FearPotion","floor":2},{"key":"Weak Potion","floor":4},{"key":"Swift Potion","floor":19}],"relics_obtained":[{"key":"Kunai","floor":7},{"key":"Ornamental Fan","floor":9},{"key":"The Specimen","floor":10}],"campfire_choices":[{"floor":6,"key":"REST"},{"floor":8,"key":"REST"},{"floor":15,"key":"REST"},{"floor":23,"key":"REST"}],"circlet_count":0,"win_rate":0,"killed_by":"Slavers"}