{"play_id":"34d792ca-d88b-4865-a6fe-16974d119bd3","build_version":"2020-01-27","seed_played":"1888735171046580133","chose_seed":false,"seed_source_timestamp":116505672036,"is_daily":false,"special_seed":null,"is_trial":false,"is_endless":false,"is_ascension_mode":false,"ascension_level":0,"neow_bonus":"BOSS_RELIC","neow_cost":"NONE","is_beta":false,"is_prod":false,"victory":false,"floor_reached":14,"score":108,"timestamp":1724241690,"local_time":"20240821120130","playtime":657,"player_experience":35697,"master_deck":["Strike_G","Strike_G","Strike_G","Strike_G","Strike_G","Defend_G","Defend_G","Defend_G","Defend_G","Defend_G","Survivor","Neutralize","PiercingWail","Backflip","Leg Sweep","Caltrops","After Image+1","Deflect","Underhanded Strike+1"],"relics":["SacredBark","Happy Flower","Eternal Feather","Frozen Egg 2","Potion Belt","Molten Egg 2"],"gold":298,"campfire_rested":2,"campfire_upgraded":0,"purchased_purges":0,"potions_floor_spawned":[7,10],"potions_floor_usage":[8,11],"current_hp_per_floor":[70,70,59,59,52,70,68,24,24,17,8,38,4,0],"max_hp_per_floor":[70,70,70,70,70,70,70,70,70,70,70,70,70,70],"gold_per_floor":[110,120,195,195,195,195,211,244,244,260,288,288,313,298],"path_per_floor":["M","M","?","?","?","R","M","E","T","M","E","R","E","M"],"path_taken":["M","M","?","?","?","R","M","E","T","M","E","R","E","M"],"items_purchased":[],"item_purchase_floors":[],"items_purged":[],"items_purged_floors":[],"character_chosen":"THE_SILENT","card_choices":[{"picked":"PiercingWail","not_picked":["Prepared","Dodge and Roll"],"floor":1},{"picked":"Backflip","not_picked":["PiercingWail","Calculated Gamble"],"floor":2},{"picked":"Leg Sweep","not_picked":["Slice","PiercingWail"],"floor":7},{"picked":"Caltrops","not_picked":["Blade Dance","Dagger Throw"],"floor":8},{"picked":"After Image+1","not_picked":["Calculated Gamble","Escape Plan"],"floor":10},{"picked":"Deflect","not_picked":["Tactician","Dodge and Roll"],"floor":11},{"picked":"Underhanded Strike+1","not_picked":["Well Laid Plans+1","Dodge and Roll"],"floor":13}],"event_choices":[{"event_name":"World of Goop","player_choice":"Gather Gold","floor":3,"cards_obtained":null,"cards_removed":null,"cards_transformed":null,"cards_upgraded":null,"relics_obtained":null,"potions_obtained":null,"relics_lost":null,"damage_taken":11,"damage_healed":0,"max_hp_loss":0,"max_hp_gain":0,"gold_gain":75,"gold_loss":0},{"event_name":"Golden Wing","player_choice":"Ignored","floor":4,"cards_obtained":null,"cards_removed":null,"cards_transformed":null,"cards_upgraded":null,"relics_obtained":null,"potions_obtained":null,"relics_lost":null,"damage_taken":0,"damage_healed":0,"max_hp_loss":0,"max_hp_gain":0,"gold_gain":0,"gold_loss":0},{"event_name":"Scrap Ooze","player_choice":"Success","floor":5,"cards_obtained":null,"cards_removed":null,"cards_transformed":null,"cards_upgraded":null,"relics_obtained":["Happy Flower"],"potions_obtained":null,"relics_lost":null,"damage_taken":7,"damage_healed":0,"max_hp_loss":0,"max_hp_gain":0,"gold_gain":0,"gold_loss":0}],"boss_relics":[],"damage_taken":[{"floor":1,"enemies":"Small Slimes","damage":0,"turns":5},{"floor":2,"enemies":"2 Louse","damage":0,"turns":4},{"floor":7,"enemies":"Cultist","damage":2,"turns":5},{"floor":8,"enemies":"Gremlin Nob","damage":44,"turns":7},{"floor":10,"enemies":"Lots of Slimes","damage":7,"turns":6},{"floor":11,"enemies":"Lagavulin","damage":9,"turns":14},{"floor":13,"enemies":"Gremlin Nob","damage":34,"turns":7},{"floor":14,"enemies":"Looter","damage":8,"turns":1}],"potions_obtained":[{"key":"AttackPotion","floor":7},{"key":"Ancient Potion","floor":10}],"relics_obtained":[{"key":"Eternal Feather","floor":8},{"key":"Frozen Egg 2","floor":9},{"key":"Potion Belt","floor":11},{"key":"Molten Egg 2","floor":13}],"campfire_choices":[{"floor":6,"key":"REST"},{"floor":12,"key":"REST"}],"circlet_count":0,"win_rate":0,"killed_by":"Looter"}