{"play_id":"c9cfa3ed-fbe9-4956-bb48-f4d4b4962f9c","build_version":"2020-01-27","seed_played":"-5634714225858771447","chose_seed":false,"seed_source_timestamp":644854370662,"is_daily":false,"special_seed":null,"is_trial":false,"is_endless":false,"is_ascension_mode":false,"ascension_level":0,"neow_bonus":"BOSS_RELIC","neow_cost":"NONE","is_beta":false,"is_prod":false,"victory":false,"floor_reached":50,"score":559,"timestamp":1725153619,"local_time":"20240901012019","playtime":2098,"player_experience":45998,"master_deck":["Strike_G","Strike_G","Strike_G","Strike_G","Strike_G","Defend_G+1","Defend_G","Defend_G","Defend_G","Survivor+1","Neutralize","Dagger Spray+1","Dash","Endless Agony","Corpse Explosion","Catalyst","Underhanded Strike","Burst+1","Backstab","Bullet Time","CurseOfTheBell","Backstab","Underhanded Strike+1","Crippling Poison","Infinite Blades","Masterful Stab","PiercingWail","Eviscerate","Envenom","Noxious Fumes+1","Dramatic Entrance","Skewer","Die Die Die","Deflect+1","Terror+1","Poisoned Stab+1"],"relics":["Fusion Hammer","Strawberry","Happy Flower","Bag of Marbles","Ornamental Fan","Sundial","Calling Bell","War Paint","Shuriken","Ginger","StoneCalendar","Bottled Lightning","MutagenicStrength","Mummified Hand","Black Star","Ninja Scroll","Centennial Puzzle","Lantern","Regal Pillow","Toxic Egg 2","Juzu Bracelet"],"gold":183,"campfire_rested":9,"campfire_upgraded":0,"purchased_purges":0,"potions_floor_spawned":[1,8,10,13,19,24,28,30,41,45,46],"potions_floor_usage":[16,16,33,33,41,47,50,50],"current_hp_per_floor":[69,69,69,55,55,55,77,77,77,75,75,68,68,68,77,47,77,66,63,45,45,45,68,28,51,51,49,39,39,36,36,59,50,77,67,67,67,67,36,59,13,36,36,74,67,64,60,23,61,0],"max_hp_per_floor":[70,70,70,70,70,77,77,77,77,77,77,77,77,77,77,77,77,77,77,77,77,77,77,77,77,77,77,77,77,77,77,77,77,77,77,77,77,77,77,77,77,77,77,77,77,77,77,77,77,77],"gold_per_floor":[113,123,123,123,123,148,148,164,189,204,53,83,102,132,132,237,237,256,271,282,282,282,282,314,314,314,330,346,346,357,272,272,376,376,393,410,410,61,78,78,111,111,111,111,128,147,173,183,183,183],"path_per_floor":["M","M","?","?","?","E","R","M","T","M","$","E","M","?","R","B",null,"M","M","M","?","?","R","E","R","T","M","M","?","M","?","R","B",null,"M","M","?","$","M","R","E","R","T","R","M","M","E","M","R","B"],"path_taken":["M","M","?","?","?","E","R","M","T","?","?","E","M","?","R","BOSS","M","M","M","?","?","R","E","R","T","?","M","?","M","?","R","BOSS","M","M","?","$","M","R","E","R","T","R","M","M","E","M","R","BOSS"],"items_purchased":["Bag of Marbles","Ninja Scroll","Dramatic Entrance"],"item_purchase_floors":[11,38,38],"items_purged":[],"items_purged_floors":[],"character_chosen":"THE_SILENT","card_choices":[{"picked":"Dagger Spray","not_picked":["Slice","Dodge and Roll"],"floor":1},{"picked":"Dash","not_picked":["Cloak And Dagger","Eviscerate"],"floor":2},{"picked":"Corpse Explosion","not_picked":["Blur","Deflect"],"floor":6},{"picked":"Catalyst","not_picked":["PiercingWail","Acrobatics"],"floor":8},{"picked":"Underhanded Strike","not_picked":["Outmaneuver","Backflip"],"floor":10},{"picked":"Burst","not_picked":["Dodge and Roll","Acrobatics"],"floor":12},{"picked":"Backstab","not_picked":["Deadly Poison","Prepared"],"floor":13},{"picked":"Bullet Time","not_picked":["Malaise","Corpse Explosion"],"floor":16},{"picked":"SKIP","not_picked":["Backflip+1","Dagger Spray","Dagger Throw"],"floor":18},{"picked":"Backstab","not_picked":["Blade Dance+1","Skewer"],"floor":19},{"picked":"Underhanded Strike+1","not_picked":["Heel Hook","Dodge and Roll"],"floor":20},{"picked":"Infinite Blades","not_picked":["Deadly Poison","A Thousand Cuts"],"floor":24},{"picked":"Masterful Stab","not_picked":["Tactician+1","Finisher"],"floor":27},{"picked":"PiercingWail","not_picked":["Reflex","Quick Slash"],"floor":28},{"picked":"Eviscerate","not_picked":["Outmaneuver","Acrobatics"],"floor":30},{"picked":"Envenom","not_picked":["Wraith Form v2","Malaise"],"floor":33},{"picked":"Noxious Fumes+1","not_picked":["Cloak And Dagger+1","Dagger Spray+1"],"floor":35},{"picked":"SKIP","not_picked":["Prepared+1","Dodge and Roll+1","Caltrops"],"floor":36},{"picked":"Skewer","not_picked":["Backflip","Dodge and Roll+1"],"floor":39},{"picked":"Die Die Die","not_picked":["Quick Slash","Reflex+1"],"floor":41},{"picked":"Deflect+1","not_picked":["Calculated Gamble+1","Dash"],"floor":45},{"picked":"Terror+1","not_picked":["Dagger Spray","Dodge and Roll+1"],"floor":46},{"picked":"Poisoned Stab+1","not_picked":["Bane+1","All Out Attack"],"floor":47},{"picked":"SKIP","not_picked":["Prepared+1","Acrobatics+1","Underhanded Strike"],"floor":48}],"event_choices":[{"event_name":"Liars Game","player_choice":"Ignored","floor":3,"cards_obtained":null,"cards_removed":null,"cards_transformed":null,"cards_upgraded":null,"relics_obtained":null,"potions_obtained":null,"relics_lost":null,"damage_taken":0,"damage_healed":0,"max_hp_loss":0,"max_hp_gain":0,"gold_gain":0,"gold_loss":0},{"event_name":"Shining Light","player_choice":"Entered Light","floor":4,"cards_obtained":null,"cards_removed":null,"cards_transformed":null,"cards_upgraded":["Defend_G","Dagger Spray"],"relics_obtained":null,"potions_obtained":null,"relics_lost":null,"damage_taken":14,"damage_healed":0,"max_hp_loss":0,"max_hp_gain":0,"gold_gain":0,"gold_loss":0},{"event_name":"Living Wall","player_choice":"Change","floor":5,"cards_obtained":["Endless Agony"],"cards_removed":null,"cards_transformed":["Defend_G"],"cards_upgraded":null,"relics_obtained":null,"potions_obtained":null,"relics_lost":null,"damage_taken":0,"damage_healed":0,"max_hp_loss":0,"max_hp_gain":0,"gold_gain":0,"gold_loss":0},{"event_name":"Dead Adventurer","player_choice":"Searched '2' times","floor":14,"cards_obtained":null,"cards_removed":null,"cards_transformed":null,"cards_upgraded":null,"relics_obtained":["Sundial"],"potions_obtained":null,"relics_lost":null,"damage_taken":0,"damage_healed":0,"max_hp_loss":0,"max_hp_gain":0,"gold_gain":30,"gold_loss":0},{"event_name":"Vampires","player_choice":"Ignored","floor":21,"cards_obtained":null,"cards_removed":null,"cards_transformed":null,"cards_upgraded":null,"relics_obtained":null,"potions_obtained":null,"relics_lost":null,"damage_taken":0,"damage_healed":0,"max_hp_loss":0,"max_hp_gain":0,"gold_gain":0,"gold_loss":0},{"event_name":"The Library","player_choice":"Read","floor":22,"cards_obtained":["Crippling Poison"],"cards_removed":null,"cards_transformed":null,"cards_upgraded":null,"relics_obtained":null,"potions_obtained":null,"relics_lost":null,"damage_taken":0,"damage_healed":0,"max_hp_loss":0,"max_hp_gain":0,"gold_gain":0,"gold_loss":0},{"event_name":"Drug Dealer","player_choice":"Inject Mutagens","floor":29,"cards_obtained":null,"cards_removed":null,"cards_transformed":null,"cards_upgraded":null,"relics_obtained":["MutagenicStrength"],"potions_obtained":null,"relics_lost":null,"damage_taken":0,"damage_healed":0,"max_hp_loss":0,"max_hp_gain":0,"gold_gain":0,"gold_loss":0},{"event_name":"Addict","player_choice":"Obtained Relic","floor":31,"cards_obtained":null,"cards_removed":null,"cards_transformed":null,"cards_upgraded":null,"relics_obtained":["Mummified Hand"],"potions_obtained":null,"relics_lost":null,"damage_taken":0,"damage_healed":0,"max_hp_loss":0,"max_hp_gain":0,"gold_gain":0,"gold_loss":85},{"event_name":"Tomb of Lord Red Mask","player_choice":"Ignored","floor":37,"cards_obtained":null,"cards_removed":null,"cards_transformed":null,"cards_upgraded":null,"relics_obtained":null,"potions_obtained":null,"relics_lost":null,"damage_taken":0,"damage_healed":0,"max_hp_loss":0,"max_hp_gain":0,"gold_gain":0,"gold_loss":0}],"boss_relics":[{"picked":"Calling Bell","not_picked":["Coffee Dripper","WristBlade"]},{"picked":"Black Star","not_picked":["Empty Cage","Astrolabe"]}],"damage_taken":[{"floor":1,"enemies":"Jaw Worm","damage":1,"turns":6},{"floor":2,"enemies":"2 Louse","damage":0,"turns":4},{"floor":6,"enemies":"3 Sentries","damage":7,"turns":6},{"floor":8,"enemies":"Small Slimes","damage":0,"turns":2},{"floor":10,"enemies":"Exordium Thugs","damage":2,"turns":3},{"floor":12,"enemies":"Gremlin Nob","damage":7,"turns":3},{"floor":13,"enemies":"Exordium Wildlife","damage":0,"turns":3},{"floor":16,"enemies":"Hexaghost","damage":30,"turns":6},{"floor":18,"enemies":"2 Thieves","damage":11,"turns":3},{"floor":19,"enemies":"Shell Parasite","damage":3,"turns":3},{"floor":20,"enemies":"Shelled Parasite and Fungi","damage":18,"turns":5},{"floor":24,"enemies":"Book of Stabbing","damage":40,"turns":6},{"floor":27,"enemies":"Cultist and Chosen","damage":2,"turns":4},{"floor":28,"enemies":"Snecko","damage":10,"turns":4},{"floor":30,"enemies":"Snake Plant","damage":3,"turns":3},{"floor":33,"enemies":"Champ","damage":9,"turns":8},{"floor":35,"enemies":"3 Darklings","damage":10,"turns":3},{"floor":36,"enemies":"3 Shapes","damage":0,"turns":2},{"floor":39,"enemies":"Maw","damage":31,"turns":7},{"floor":41,"enemies":"Nemesis","damage":46,"turns":7},{"floor":45,"enemies":"Writhing Mass","damage":7,"turns":3},{"floor":46,"enemies":"Sphere and 2 Shapes","damage":3,"turns":3},{"floor":47,"enemies":"Reptomancer","damage":4,"turns":2},{"floor":48,"enemies":"Transient","damage":37,"turns":5},{"floor":50,"enemies":"Time Eater","damage":67,"turns":7}],"potions_obtained":[{"key":"FearPotion","floor":1},{"key":"EssenceOfSteel","floor":8},{"key":"DuplicationPotion","floor":10},{"key":"CultistPotion","floor":19},{"key":"SpeedPotion","floor":24},{"key":"Swift Potion","floor":41},{"key":"AttackPotion","floor":45},{"key":"CultistPotion","floor":46}],"relics_obtained":[{"key":"Strawberry","floor":6},{"key":"Happy Flower","floor":9},{"key":"Ornamental Fan","floor":12},{"key":"War Paint","floor":17},{"key":"Shuriken","floor":17},{"key":"Ginger","floor":17},{"key":"StoneCalendar","floor":24},{"key":"Bottled Lightning","floor":26},{"key":"Centennial Puzzle","floor":41},{"key":"Lantern","floor":41},{"key":"Regal Pillow","floor":43},{"key":"Toxic Egg 2","floor":47},{"key":"Juzu Bracelet","floor":47}],"campfire_choices":[{"floor":7,"key":"REST"},{"floor":15,"key":"REST"},{"floor":23,"key":"REST"},{"floor":25,"key":"REST"},{"floor":32,"key":"REST"},{"floor":40,"key":"REST"},{"floor":42,"key":"REST"},{"floor":44,"key":"REST"},{"floor":49,"key":"REST"}],"circlet_count":0,"win_rate":0,"killed_by":"Time Eater"}