{"play_id":"491cee1b-aacf-49b0-b3b0-2554eda0de1c","build_version":"2020-01-27","seed_played":"-1506811833381760105","chose_seed":false,"seed_source_timestamp":310159906221,"is_daily":false,"special_seed":null,"is_trial":false,"is_endless":false,"is_ascension_mode":false,"ascension_level":0,"neow_bonus":"BOSS_RELIC","neow_cost":"NONE","is_beta":false,"is_prod":false,"victory":false,"floor_reached":50,"score":528,"timestamp":1725317980,"local_time":"20240902225940","playtime":2690,"player_experience":52145,"master_deck":["Strike_G","Strike_G","Strike_G","Strike_G","Defend_G","Defend_G","Defend_G","Defend_G","Survivor","Neutralize","Dodge and Roll","Underhanded Strike+1","Bane+1","Acrobatics+1","Deadly Poison+1","Dash","Bullet Time+1","Sucker Punch+1","Reflex+1","Tactician+1","Storm of Steel+1","Slice+1","Deadly Poison+1","Dramatic Entrance+1","Good Instincts+1","Madness+1","Madness+1","Backstab+1","Iron Wave","Blade Dance+1","Dash+1"],"relics":["Busted Crown","Kunai","Toxic Egg 2","White Beast Statue","Paper Crane","Ancient Tea Set","SlaversCollar","MealTicket","Calipers","Centennial Puzzle","Juzu Bracelet","HoveringKite","Ginger","CaptainsWheel","TheAbacus","The Courier","Ninja Scroll","Red Mask"],"gold":12,"campfire_rested":8,"campfire_upgraded":2,"purchased_purges":0,"potions_floor_spawned":[8,10,13,16,18,20,22,23,25,28,30,31,33,35,36,41,44,45,48],"potions_floor_usage":[16,16,16,22,23,23,25,25,33,33,33,41,50,50,50],"current_hp_per_floor":[69,51,51,50,50,70,70,64,64,50,70,70,66,66,66,62,70,69,70,61,61,50,14,36,30,30,52,52,74,69,64,75,18,75,75,56,51,66,57,75,51,51,51,51,51,51,51,26,48,0],"max_hp_per_floor":[70,70,70,70,70,70,70,70,70,70,70,70,70,70,70,70,70,70,70,70,70,75,75,75,75,75,75,75,75,75,75,75,75,75,75,75,75,75,75,75,75,75,75,75,75,75,75,75,75,75],"gold_per_floor":[112,112,132,148,148,148,148,175,175,236,236,186,200,14,14,110,110,124,124,137,137,148,178,178,204,259,259,273,273,299,314,314,417,417,437,487,487,29,29,29,58,58,58,74,86,0,0,12,12,12],"path_per_floor":["M","?","M","M","M","R","?","E","T","?","R","?","M","$","R","B",null,"M","?","M","?","M","E","R","E","T","R","M","R","E","M","R","B",null,"M","?","?","$","?","R","E","?","T","M","M","?","R","M","R","B"],"path_taken":["M","?","M","M","M","R","?","E","T","?","R","?","M","$","R","BOSS","M","?","?","?","M","E","R","E","T","R","M","R","E","M","R","BOSS","M","?","?","?","?","R","E","?","T","M","M","?","R","M","R","BOSS"],"items_purchased":["Ancient Tea Set","Dash","CaptainsWheel","TheAbacus"],"item_purchase_floors":[14,14,38,38],"items_purged":[],"items_purged_floors":[],"character_chosen":"THE_SILENT","card_choices":[{"picked":"Dodge and Roll","not_picked":[],"floor":1},{"picked":"Underhanded Strike","not_picked":[],"floor":3},{"picked":"PiercingWail","not_picked":[],"floor":4},{"picked":"Bane","not_picked":[],"floor":5},{"picked":"SKIP","not_picked":["Dagger Throw"],"floor":8},{"picked":"Acrobatics+1","not_picked":[],"floor":10},{"picked":"Deadly Poison+1","not_picked":[],"floor":13},{"picked":"Bullet Time+1","not_picked":[],"floor":16},{"picked":"SKIP","not_picked":["PiercingWail+1"],"floor":18},{"picked":"SKIP","not_picked":["Prepared+1"],"floor":20},{"picked":"SKIP","not_picked":["Well Laid Plans+1"],"floor":22},{"picked":"SKIP","not_picked":["Tools of the Trade"],"floor":23},{"picked":"Sucker Punch+1","not_picked":[],"floor":25},{"picked":"Reflex+1","not_picked":[],"floor":28},{"picked":"Tactician+1","not_picked":[],"floor":30},{"picked":"SKIP","not_picked":["Tactician+1"],"floor":31},{"picked":"Storm of Steel+1","not_picked":[],"floor":33},{"picked":"Slice+1","not_picked":[],"floor":35},{"picked":"Deadly Poison+1","not_picked":[],"floor":36},{"picked":"Dramatic Entrance","not_picked":[],"floor":37},{"picked":"Good Instincts+1","not_picked":[],"floor":37},{"picked":"Backstab+1","not_picked":[],"floor":41},{"picked":"Blade Dance+1","not_picked":[],"floor":44},{"picked":"Dash+1","not_picked":[],"floor":45},{"picked":"SKIP","not_picked":["Dodge and Roll+1"],"floor":48}],"event_choices":[{"event_name":"Scrap Ooze","player_choice":"Success","floor":2,"cards_obtained":null,"cards_removed":null,"cards_transformed":null,"cards_upgraded":null,"relics_obtained":["Kunai"],"potions_obtained":null,"relics_lost":null,"damage_taken":18,"damage_healed":0,"max_hp_loss":0,"max_hp_gain":0,"gold_gain":0,"gold_loss":0},{"event_name":"Living Wall","player_choice":"Grow","floor":7,"cards_obtained":null,"cards_removed":null,"cards_transformed":null,"cards_upgraded":["Underhanded Strike"],"relics_obtained":null,"potions_obtained":null,"relics_lost":null,"damage_taken":0,"damage_healed":0,"max_hp_loss":0,"max_hp_gain":0,"gold_gain":0,"gold_loss":0},{"event_name":"Dead Adventurer","player_choice":"Searched '3' times","floor":10,"cards_obtained":null,"cards_removed":null,"cards_transformed":null,"cards_upgraded":null,"relics_obtained":null,"potions_obtained":null,"relics_lost":null,"damage_taken":0,"damage_healed":0,"max_hp_loss":0,"max_hp_gain":0,"gold_gain":30,"gold_loss":0},{"event_name":"The Cleric","player_choice":"Card Removal","floor":12,"cards_obtained":null,"cards_removed":["Defend_G"],"cards_transformed":null,"cards_upgraded":null,"relics_obtained":null,"potions_obtained":null,"relics_lost":null,"damage_taken":0,"damage_healed":0,"max_hp_loss":0,"max_hp_gain":0,"gold_gain":0,"gold_loss":50},{"event_name":"Bonfire Elementals","player_choice":"Offered Common","floor":19,"cards_obtained":null,"cards_removed":["PiercingWail"],"cards_transformed":null,"cards_upgraded":null,"relics_obtained":null,"potions_obtained":null,"relics_lost":null,"damage_taken":0,"damage_healed":5,"max_hp_loss":0,"max_hp_gain":0,"gold_gain":0,"gold_loss":0},{"event_name":"Bonfire Elementals","player_choice":"Offered Special","floor":19,"cards_obtained":null,"cards_removed":["PiercingWail"],"cards_transformed":null,"cards_upgraded":null,"relics_obtained":null,"potions_obtained":null,"relics_lost":null,"damage_taken":0,"damage_healed":5,"max_hp_loss":0,"max_hp_gain":0,"gold_gain":0,"gold_loss":0},{"event_name":"Beggar","player_choice":"Ignored","floor":21,"cards_obtained":null,"cards_removed":null,"cards_transformed":null,"cards_upgraded":null,"relics_obtained":null,"potions_obtained":null,"relics_lost":null,"damage_taken":0,"damage_healed":0,"max_hp_loss":0,"max_hp_gain":0,"gold_gain":0,"gold_loss":0},{"event_name":"MindBloom","player_choice":"Fight","floor":36,"cards_obtained":null,"cards_removed":null,"cards_transformed":null,"cards_upgraded":null,"relics_obtained":null,"potions_obtained":null,"relics_lost":null,"damage_taken":0,"damage_healed":0,"max_hp_loss":0,"max_hp_gain":0,"gold_gain":0,"gold_loss":0},{"event_name":"SensoryStone","player_choice":"Memory 2","floor":37,"cards_obtained":null,"cards_removed":null,"cards_transformed":null,"cards_upgraded":null,"relics_obtained":null,"potions_obtained":null,"relics_lost":null,"damage_taken":5,"damage_healed":0,"max_hp_loss":0,"max_hp_gain":0,"gold_gain":0,"gold_loss":0},{"event_name":"Winding Halls","player_choice":"Embrace Madness","floor":39,"cards_obtained":["Madness","Madness"],"cards_removed":null,"cards_transformed":null,"cards_upgraded":null,"relics_obtained":null,"potions_obtained":null,"relics_lost":null,"damage_taken":9,"damage_healed":0,"max_hp_loss":0,"max_hp_gain":0,"gold_gain":0,"gold_loss":0},{"event_name":"NoteForYourself","player_choice":"Took Card","floor":42,"cards_obtained":["Iron Wave"],"cards_removed":["Strike_G"],"cards_transformed":null,"cards_upgraded":null,"relics_obtained":null,"potions_obtained":null,"relics_lost":null,"damage_taken":0,"damage_healed":0,"max_hp_loss":0,"max_hp_gain":0,"gold_gain":0,"gold_loss":0},{"event_name":"Tomb of Lord Red Mask","player_choice":"Paid","floor":46,"cards_obtained":null,"cards_removed":null,"cards_transformed":null,"cards_upgraded":null,"relics_obtained":["Red Mask"],"potions_obtained":null,"relics_lost":null,"damage_taken":0,"damage_healed":0,"max_hp_loss":0,"max_hp_gain":0,"gold_gain":0,"gold_loss":86}],"boss_relics":[{"picked":"SlaversCollar","not_picked":["Coffee Dripper","Pandora's Box"]},{"picked":"HoveringKite","not_picked":["Snecko Eye","WristBlade"]}],"damage_taken":[{"floor":1,"enemies":"Jaw Worm","damage":1,"turns":4},{"floor":3,"enemies":"2 Louse","damage":0,"turns":3},{"floor":4,"enemies":"Small Slimes","damage":1,"turns":4},{"floor":5,"enemies":"2 Fungi Beasts","damage":0,"turns":4},{"floor":8,"enemies":"Lagavulin","damage":6,"turns":9},{"floor":10,"enemies":"3 Sentries","damage":14,"turns":11},{"floor":13,"enemies":"Gremlin Gang","damage":4,"turns":6},{"floor":16,"enemies":"Hexaghost","damage":4,"turns":9},{"floor":18,"enemies":"Shell Parasite","damage":1,"turns":4},{"floor":20,"enemies":"2 Thieves","damage":9,"turns":4},{"floor":22,"enemies":"Centurion and Healer","damage":16,"turns":6},{"floor":23,"enemies":"Gremlin Leader","damage":36,"turns":6},{"floor":25,"enemies":"Book of Stabbing","damage":6,"turns":5},{"floor":28,"enemies":"Snecko","damage":0,"turns":6},{"floor":30,"enemies":"Slavers","damage":5,"turns":6},{"floor":31,"enemies":"Snake Plant","damage":5,"turns":4},{"floor":33,"enemies":"Collector","damage":57,"turns":12},{"floor":35,"enemies":"Orb Walker","damage":0,"turns":4},{"floor":36,"enemies":"Mind Bloom Boss Battle","damage":19,"turns":8},{"floor":41,"enemies":"Reptomancer","damage":24,"turns":8},{"floor":44,"enemies":"3 Shapes","damage":0,"turns":3},{"floor":45,"enemies":"Maw","damage":0,"turns":8},{"floor":48,"enemies":"3 Darklings","damage":25,"turns":4},{"floor":50,"enemies":"Time Eater","damage":80,"turns":12}],"potions_obtained":[{"key":"LiquidMemories","floor":8},{"key":"EssenceOfSteel","floor":10},{"key":"SpeedPotion","floor":13},{"key":"Weak Potion","floor":16},{"key":"Fruit Juice","floor":18},{"key":"Weak Potion","floor":20},{"key":"SkillPotion","floor":22},{"key":"BlessingOfTheForge","floor":23},{"key":"DistilledChaos","floor":25},{"key":"Fire Potion","floor":28},{"key":"SkillPotion","floor":30},{"key":"Block Potion","floor":31},{"key":"Strength Potion","floor":33},{"key":"Regen Potion","floor":35},{"key":"AttackPotion","floor":36},{"key":"Poison Potion","floor":41}],"relics_obtained":[{"key":"Toxic Egg 2","floor":8},{"key":"White Beast Statue","floor":9},{"key":"Paper Crane","floor":10},{"key":"MealTicket","floor":23},{"key":"Calipers","floor":25},{"key":"Centennial Puzzle","floor":26},{"key":"Juzu Bracelet","floor":30},{"key":"Ginger","floor":36},{"key":"The Courier","floor":41},{"key":"Ninja Scroll","floor":43}],"campfire_choices":[{"floor":6,"key":"REST"},{"floor":11,"key":"REST"},{"floor":15,"key":"SMITH","data":"Bane"},{"floor":24,"key":"REST"},{"floor":27,"key":"REST"},{"floor":29,"key":"REST"},{"floor":32,"key":"REST"},{"floor":40,"key":"REST"},{"floor":47,"key":"SMITH","data":"Dramatic Entrance"},{"floor":49,"key":"REST"}],"circlet_count":0,"win_rate":0,"killed_by":"Time Eater"}