{"play_id":"429c1499-3bf0-4efd-9fbc-1a1519f2b059","build_version":"2020-01-27","seed_played":"5116150394294145082","chose_seed":false,"seed_source_timestamp":0,"is_daily":false,"special_seed":0,"is_trial":false,"is_endless":false,"is_ascension_mode":false,"ascension_level":0,"neow_bonus":"THREE_ENEMY_KILL","neow_cost":"NONE","is_beta":false,"is_prod":false,"victory":false,"floor_reached":46,"score":639,"timestamp":1725150157,"local_time":"20240901002237","playtime":2306,"player_experience":42355,"master_deck":["Strike_G+1","Strike_G","Strike_G","Strike_G","Strike_G","Defend_G","Defend_G","Defend_G","Defend_G","Defend_G","Survivor","Neutralize","Dagger Spray","Regret","Backstab","Blur","Predator","Dagger Spray","Dash","Dash","Dagger Spray","Eviscerate","Die Die Die","Dash","Backflip+1","All Out Attack","Crippling Poison+1","Dagger Spray","Deadly Poison+1","Envenom","Sucker Punch+1","Bouncing Flask","Leg Sweep+1","Choke","All Out Attack","Crippling Poison","Die Die Die","Bane","Underhanded Strike","Caltrops+1","Dash","Choke","Night Terror","Dramatic Entrance","Noxious Fumes+1"],"relics":["Ring of the Snake","NeowsBlessing","Eternal Feather","WingedGreaves","Paper Crane","Orichalcum","TwistedFunnel","Ornamental Fan","Snecko Eye","Orrery","Ninja Scroll","Old Coin","Ancient Tea Set","War Paint","Toy Ornithopter","Runic Pyramid","Du-Vu Doll","Shovel","PreservedInsect","HandDrill","Whetstone","Bag of Marbles","Darkstone Periapt"],"gold":43,"campfire_rested":7,"campfire_upgraded":0,"purchased_purges":0,"potions_floor_spawned":[5,12,16,24,29,31,35,36],"potions_floor_usage":[44,44,44],"current_hp_per_floor":[70,58,58,58,58,58,30,30,30,60,60,55,55,55,70,7,70,65,65,44,31,31,71,46,75,75,71,71,45,45,17,60,59,75,50,29,29,29,29,75,7,7,7,22,71,0],"max_hp_per_floor":[70,70,70,70,70,70,70,70,70,70,70,70,70,70,70,70,70,70,70,70,75,75,75,75,75,75,75,75,75,75,75,75,75,75,75,75,75,75,75,75,75,75,75,75,75,75],"gold_per_floor":[119,119,119,119,136,168,201,50,50,50,63,74,74,88,88,190,190,205,224,240,240,88,88,123,123,423,456,456,487,487,502,502,606,606,625,675,686,735,735,735,770,23,23,43,43,43],"path_per_floor":["M","?","?","?","M","E","E","$","T","R","M","M","?","M","R","B","ul","M","M","M","?","$","R","E","R","T","E","?","E","T","M","R","B","ul","M","?","M","?","?","R","E","$","T","M","R","E"],"path_taken":["M","?","?","?","M","E","E","$","T","R","M","M","?","M","R","BOSS","M","M","?","?","$","R","E","R","T","E","?","E","?","?","R","BOSS","M","?","M","?","?","R","E","$","T","M","R","E"],"items_purchased":["TwistedFunnel","Orrery","HandDrill","Whetstone","Bag of Marbles","Choke","Night Terror","Dramatic Entrance"],"item_purchase_floors":[8,22,42,42,42,42,42,42],"items_purged":[],"items_purged_floors":[],"character_chosen":"THE_SILENT","card_choices":[{"picked":"Dagger Spray","not_picked":["Distraction","Riddle With Holes"],"floor":1},{"picked":"Backstab","not_picked":["Deadly Poison","Prepared"],"floor":5},{"picked":"Blur","not_picked":["Backflip","Acrobatics"],"floor":6},{"picked":"Predator","not_picked":["Doppelganger","Dagger Throw"],"floor":7},{"picked":"Dagger Spray","not_picked":["Acrobatics","Expertise"],"floor":11},{"picked":"Dash","not_picked":["Prepared","Cloak And Dagger"],"floor":12},{"picked":"Eviscerate","not_picked":["Flying Knee","Prepared"],"floor":14},{"picked":"Die Die Die","not_picked":["After Image","Malaise"],"floor":16},{"picked":"Dash","not_picked":["Dagger Spray","Poisoned Stab"],"floor":18},{"picked":"Backflip+1","not_picked":["Quick Slash","Slice"],"floor":19},{"picked":"All Out Attack","not_picked":["Backflip","Dodge and Roll"],"floor":20},{"picked":"Crippling Poison","not_picked":["Malaise","PiercingWail"],"floor":22},{"picked":"Dagger Spray","not_picked":["Prepared+1","Cloak And Dagger+1"],"floor":22},{"picked":"Deadly Poison","not_picked":["Endless Agony+1","Sucker Punch"],"floor":22},{"picked":"Envenom","not_picked":["Leg Sweep","Finisher+1"],"floor":22},{"picked":"Sucker Punch","not_picked":["Quick Slash","Flying Knee"],"floor":22},{"picked":"Bouncing Flask","not_picked":["Deflect","Sucker Punch"],"floor":24},{"picked":"Leg Sweep+1","not_picked":["Dodge and Roll","PiercingWail"],"floor":27},{"picked":"All Out Attack","not_picked":["Prepared","Heel Hook"],"floor":29},{"picked":"Crippling Poison","not_picked":["Distraction","Tactician"],"floor":31},{"picked":"Die Die Die","not_picked":["Adrenaline","Unload"],"floor":33},{"picked":"Bane","not_picked":["Dagger Spray","PiercingWail"],"floor":35},{"picked":"Underhanded Strike","not_picked":["Deadly Poison","Expertise+1"],"floor":36},{"picked":"Caltrops+1","not_picked":["Dagger Throw","Deflect"],"floor":37},{"picked":"Dash","not_picked":["Expertise+1","Outmaneuver+1"],"floor":41},{"picked":"Noxious Fumes+1","not_picked":["Slice","PiercingWail"],"floor":44}],"event_choices":[{"event_name":"Scrap Ooze","player_choice":"Success","floor":2,"cards_obtained":null,"cards_removed":null,"cards_transformed":null,"cards_upgraded":null,"relics_obtained":["Eternal Feather"],"potions_obtained":null,"relics_lost":null,"damage_taken":12,"damage_healed":0,"max_hp_loss":0,"max_hp_gain":0,"gold_gain":0,"gold_loss":0},{"event_name":"Big Fish","player_choice":"Box","floor":3,"cards_obtained":["Regret"],"cards_removed":null,"cards_transformed":null,"cards_upgraded":null,"relics_obtained":["WingedGreaves"],"potions_obtained":null,"relics_lost":null,"damage_taken":0,"damage_healed":0,"max_hp_loss":0,"max_hp_gain":0,"gold_gain":0,"gold_loss":0},{"event_name":"Golden Wing","player_choice":"Ignored","floor":4,"cards_obtained":null,"cards_removed":null,"cards_transformed":null,"cards_upgraded":null,"relics_obtained":null,"potions_obtained":null,"relics_lost":null,"damage_taken":0,"damage_healed":0,"max_hp_loss":0,"max_hp_gain":0,"gold_gain":0,"gold_loss":0},{"event_name":"Match and Keep!","player_choice":"2 cards matched","floor":13,"cards_obtained":["Dash","Dagger Spray"],"cards_removed":null,"cards_transformed":null,"cards_upgraded":null,"relics_obtained":null,"potions_obtained":null,"relics_lost":null,"damage_taken":0,"damage_healed":0,"max_hp_loss":0,"max_hp_gain":0,"gold_gain":0,"gold_loss":0},{"event_name":"Forgotten Altar","player_choice":"Shed Blood","floor":21,"cards_obtained":null,"cards_removed":null,"cards_transformed":null,"cards_upgraded":null,"relics_obtained":null,"potions_obtained":null,"relics_lost":null,"damage_taken":18,"damage_healed":0,"max_hp_loss":0,"max_hp_gain":5,"gold_gain":0,"gold_loss":0},{"event_name":"The Library","player_choice":"Read","floor":28,"cards_obtained":["Choke"],"cards_removed":null,"cards_transformed":null,"cards_upgraded":null,"relics_obtained":null,"potions_obtained":null,"relics_lost":null,"damage_taken":0,"damage_healed":0,"max_hp_loss":0,"max_hp_gain":0,"gold_gain":0,"gold_loss":0},{"event_name":"MindBloom","player_choice":"Fight","floor":36,"cards_obtained":null,"cards_removed":null,"cards_transformed":null,"cards_upgraded":null,"relics_obtained":null,"potions_obtained":null,"relics_lost":null,"damage_taken":0,"damage_healed":0,"max_hp_loss":0,"max_hp_gain":0,"gold_gain":0,"gold_loss":0},{"event_name":"Mysterious Sphere","player_choice":"Fight","floor":38,"cards_obtained":null,"cards_removed":null,"cards_transformed":null,"cards_upgraded":null,"relics_obtained":null,"potions_obtained":null,"relics_lost":null,"damage_taken":0,"damage_healed":0,"max_hp_loss":0,"max_hp_gain":0,"gold_gain":0,"gold_loss":0},{"event_name":"Tomb of Lord Red Mask","player_choice":"Ignored","floor":39,"cards_obtained":null,"cards_removed":null,"cards_transformed":null,"cards_upgraded":null,"relics_obtained":null,"potions_obtained":null,"relics_lost":null,"damage_taken":0,"damage_healed":0,"max_hp_loss":0,"max_hp_gain":0,"gold_gain":0,"gold_loss":0}],"boss_relics":[{"picked":"Snecko Eye","not_picked":["Coffee Dripper","Philosopher's Stone"]},{"picked":"Runic Pyramid","not_picked":["Runic Dome","Tiny House"]}],"damage_taken":[{"floor":1,"enemies":"Small Slimes","damage":0,"turns":1},{"floor":5,"enemies":"2 Louse","damage":0,"turns":1},{"floor":6,"enemies":"Lagavulin","damage":0,"turns":1},{"floor":7,"enemies":"3 Sentries","damage":28,"turns":12},{"floor":11,"enemies":"Cultist","damage":0,"turns":2},{"floor":12,"enemies":"Looter","damage":5,"turns":2},{"floor":14,"enemies":"Blue Slaver","damage":0,"turns":2},{"floor":16,"enemies":"Hexaghost","damage":63,"turns":16},{"floor":18,"enemies":"3 Byrds","damage":5,"turns":4},{"floor":19,"enemies":"Chosen","damage":0,"turns":3},{"floor":20,"enemies":"Centurion and Healer","damage":21,"turns":4},{"floor":24,"enemies":"Slavers","damage":25,"turns":4},{"floor":27,"enemies":"Gremlin Leader","damage":4,"turns":5},{"floor":29,"enemies":"Slavers","damage":26,"turns":3},{"floor":31,"enemies":"Snake Plant","damage":28,"turns":3},{"floor":33,"enemies":"Collector","damage":21,"turns":6},{"floor":35,"enemies":"3 Darklings","damage":25,"turns":3},{"floor":36,"enemies":"Mind Bloom Boss Battle","damage":21,"turns":12},{"floor":37,"enemies":"Orb Walker","damage":0,"turns":3},{"floor":38,"enemies":"2 Orb Walkers","damage":0,"turns":3},{"floor":41,"enemies":"Nemesis","damage":68,"turns":9},{"floor":44,"enemies":"Sphere and 2 Shapes","damage":0,"turns":1},{"floor":46,"enemies":"Giant Head","damage":75,"turns":7}],"potions_obtained":[{"key":"ColorlessPotion","floor":5},{"key":"Block Potion","floor":12},{"key":"AttackPotion","floor":16},{"key":"Fire Potion","floor":24},{"key":"Regen Potion","floor":29},{"key":"BlessingOfTheForge","floor":35},{"key":"Explosive Potion","floor":36}],"relics_obtained":[{"key":"Paper Crane","floor":6},{"key":"Orichalcum","floor":7},{"key":"Ornamental Fan","floor":9},{"key":"Ninja Scroll","floor":24},{"key":"Old Coin","floor":26},{"key":"Ancient Tea Set","floor":27},{"key":"War Paint","floor":29},{"key":"Toy Ornithopter","floor":30},{"key":"Du-Vu Doll","floor":36},{"key":"Shovel","floor":38},{"key":"PreservedInsect","floor":41},{"key":"Darkstone Periapt","floor":43}],"campfire_choices":[{"floor":10,"key":"REST"},{"floor":15,"key":"REST"},{"floor":23,"key":"REST"},{"floor":25,"key":"REST"},{"floor":32,"key":"REST"},{"floor":40,"key":"REST"},{"floor":45,"key":"REST"}],"circlet_count":0,"win_rate":0,"killed_by":"Giant Head"}