{"play_id":"540de9ce-ba3c-48d2-922f-9db7ef5a9673","build_version":"2020-01-27","seed_played":"522037579216851963","chose_seed":false,"seed_source_timestamp":268723662630,"is_daily":false,"special_seed":null,"is_trial":false,"is_endless":false,"is_ascension_mode":false,"ascension_level":0,"neow_bonus":"ONE_RARE_RELIC","neow_cost":"TEN_PERCENT_HP_LOSS","is_beta":false,"is_prod":false,"victory":false,"floor_reached":21,"score":191,"timestamp":1725312499,"local_time":"20240902212819","playtime":1353,"player_experience":48096,"master_deck":["Strike_G+1","Strike_G","Strike_G","Strike_G","Strike_G","Defend_G+1","Defend_G","Defend_G","Defend_G","Defend_G","Survivor","Neutralize","Poisoned Stab","Leg Sweep","Accuracy","Cloak And Dagger","Bouncing Flask","Backflip","Masterful Stab","Flying Knee","Parasite","A Thousand Cuts","Dodge and Roll+1","Deflect","Quick Slash+1"],"relics":["Ring of the Snake","The Specimen","Mummified Hand","Bottled Flame","Ornamental Fan","Runic Pyramid"],"gold":430,"campfire_rested":3,"campfire_upgraded":0,"purchased_purges":0,"potions_floor_spawned":[3,4,7,16,18],"potions_floor_usage":[11,16,16,20,20],"current_hp_per_floor":[59,59,59,58,45,12,3,21,21,39,31,10,25,25,43,23,63,49,48,28,0],"max_hp_per_floor":[63,63,63,63,63,63,63,63,63,63,63,63,63,63,63,63,63,63,63,63,63],"gold_per_floor":[119,80,98,109,109,135,152,152,152,152,186,201,201,301,301,396,396,408,419,430,430],"path_per_floor":["M","$","M","M","?","E","M","R","T","R","E","M","?","?","R","B",null,"M","M","M","M"],"path_taken":["M","$","M","M","?","E","M","R","T","R","E","M","?","?","R","BOSS","M","?","M","M"],"items_purchased":["Leg Sweep"],"item_purchase_floors":[2],"items_purged":[],"items_purged_floors":[],"character_chosen":"THE_SILENT","card_choices":[{"picked":"Poisoned Stab","not_picked":["Quick Slash","Prepared"],"floor":1},{"picked":"Accuracy","not_picked":["Quick Slash","Acrobatics"],"floor":3},{"picked":"Cloak And Dagger","not_picked":["Outmaneuver","Blade Dance"],"floor":4},{"picked":"Bouncing Flask","not_picked":["Deflect","Quick Slash"],"floor":6},{"picked":"Backflip","not_picked":["Footwork","Slice"],"floor":7},{"picked":"Masterful Stab","not_picked":["Blur","Riddle With Holes"],"floor":11},{"picked":"Flying Knee","not_picked":["Leg Sweep","Underhanded Strike"],"floor":12},{"picked":"A Thousand Cuts","not_picked":["Malaise","Unload"],"floor":16},{"picked":"Dodge and Roll+1","not_picked":["Deadly Poison","Cloak And Dagger"],"floor":18},{"picked":"Deflect","not_picked":["Choke","Flying Knee"],"floor":19},{"picked":"Quick Slash+1","not_picked":["Outmaneuver","Acrobatics+1"],"floor":20}],"event_choices":[{"event_name":"Shining Light","player_choice":"Entered Light","floor":5,"cards_obtained":null,"cards_removed":null,"cards_transformed":null,"cards_upgraded":["Strike_G","Defend_G"],"relics_obtained":null,"potions_obtained":null,"relics_lost":null,"damage_taken":13,"damage_healed":0,"max_hp_loss":0,"max_hp_gain":0,"gold_gain":0,"gold_loss":0},{"event_name":"Mushrooms","player_choice":"Healed and dodged fight","floor":13,"cards_obtained":["Parasite"],"cards_removed":null,"cards_transformed":null,"cards_upgraded":null,"relics_obtained":null,"potions_obtained":null,"relics_lost":null,"damage_taken":0,"damage_healed":15,"max_hp_loss":0,"max_hp_gain":0,"gold_gain":0,"gold_loss":0},{"event_name":"Golden Shrine","player_choice":"Pray","floor":14,"cards_obtained":null,"cards_removed":null,"cards_transformed":null,"cards_upgraded":null,"relics_obtained":null,"potions_obtained":null,"relics_lost":null,"damage_taken":0,"damage_healed":0,"max_hp_loss":0,"max_hp_gain":0,"gold_gain":100,"gold_loss":0}],"boss_relics":[{"picked":"Runic Pyramid","not_picked":["Snecko Eye","Runic Dome"]}],"damage_taken":[{"floor":1,"enemies":"Jaw Worm","damage":4,"turns":6},{"floor":3,"enemies":"Small Slimes","damage":0,"turns":4},{"floor":4,"enemies":"Cultist","damage":1,"turns":4},{"floor":6,"enemies":"3 Sentries","damage":33,"turns":12},{"floor":7,"enemies":"Lots of Slimes","damage":9,"turns":5},{"floor":11,"enemies":"Gremlin Nob","damage":8,"turns":3},{"floor":12,"enemies":"Gremlin Gang","damage":21,"turns":4},{"floor":16,"enemies":"Slime Boss","damage":20,"turns":13},{"floor":18,"enemies":"3 Byrds","damage":14,"turns":5},{"floor":19,"enemies":"Shell Parasite","damage":1,"turns":5},{"floor":20,"enemies":"Sentry and Sphere","damage":20,"turns":9},{"floor":21,"enemies":"3 Cultists","damage":36,"turns":5}],"potions_obtained":[{"key":"EssenceOfSteel","floor":3},{"key":"GhostInAJar","floor":4},{"key":"DuplicationPotion","floor":7},{"key":"Energy Potion","floor":16},{"key":"AttackPotion","floor":18}],"relics_obtained":[{"key":"Mummified Hand","floor":6},{"key":"Bottled Flame","floor":9},{"key":"Ornamental Fan","floor":11}],"campfire_choices":[{"floor":8,"key":"REST"},{"floor":10,"key":"REST"},{"floor":15,"key":"REST"}],"circlet_count":0,"win_rate":0,"killed_by":"3 Cultists"}