{"play_id":"3a0669d8-99bd-463b-8d92-ebcd45a89731","build_version":"2020-01-27","seed_played":"-8933772724168912684","chose_seed":false,"seed_source_timestamp":631374193012,"is_daily":false,"special_seed":null,"is_trial":false,"is_endless":false,"is_ascension_mode":false,"ascension_level":0,"neow_bonus":"BOSS_RELIC","neow_cost":"NONE","is_beta":false,"is_prod":false,"victory":false,"floor_reached":33,"score":267,"timestamp":1725151510,"local_time":"09/01/2024 00:45:10","playtime":1337,"player_experience":44661,"master_deck":["Strike_G","Strike_G","Strike_G","Strike_G","Strike_G+1","Defend_G","Defend_G","Defend_G","Defend_G","Defend_G+1","Survivor","Neutralize","Dagger Spray","Flying Knee","Wraith Form v2","Noxious Fumes","Caltrops","Dagger Spray","Sucker Punch","Eviscerate","Infinite Blades","Corpse Explosion","Choke","Crippling Poison","Shame","Underhanded Strike","Poisoned Stab","Deadly Poison","Masterful Stab+1","Bouncing Flask","Masterful Stab","Deadly Poison","Well Laid Plans+1","Bouncing Flask+1"],"relics":["SlaversCollar","Letter Opener","Dream Catcher","Odd Mushroom","Ninja Scroll","Matryoshka","Black Star","Happy Flower","Anchor","Frozen Egg 2","MawBank","Boot"],"gold":200,"campfire_rested":8,"campfire_upgraded":0,"purchased_purges":0,"potions_floor_spawned":[3,7,14,16,24,30,31],"potions_floor_usage":[16,24,24,29,31,31,33],"current_hp_per_floor":[57,43,43,41,27,48,25,46,46,67,50,50,50,44,65,16,70,58,28,28,28,15,37,13,35,35,18,40,25,12,18,40,0],"max_hp_per_floor":[70,70,70,70,70,70,70,70,70,70,70,70,70,70,70,70,70,70,70,70,70,75,75,75,75,75,75,75,75,75,75,75,75],"gold_per_floor":[112,112,122,137,153,153,183,183,231,231,260,6,6,25,25,129,129,139,155,0,0,0,0,32,32,56,81,93,119,145,176,188,200],"path_per_floor":["M","?","M","M","M","R","E","R","T","R","?","$","T","M","R","B",null,"M","M","?","?","?","R","E","R","T","M","R","M","M","M","R","B"],"path_taken":["M","?","M","M","M","R","E","R","T","R","?","$","?","?","R","BOSS","M","M","?","?","?","R","E","R","T","M","R","?","M","M","R","BOSS"],"items_purchased":["Ninja Scroll"],"item_purchase_floors":[12],"items_purged":[],"items_purged_floors":[],"character_chosen":"THE_SILENT","card_choices":[{"picked":"Dagger Spray","not_picked":["Sucker Punch","Blade Dance"],"floor":1},{"picked":"Flying Knee","not_picked":["Slice","Quick Slash"],"floor":3},{"picked":"Wraith Form v2","not_picked":["Backstab","Eviscerate"],"floor":4},{"picked":"Noxious Fumes","not_picked":["Dagger Throw","Underhanded Strike"],"floor":5},{"picked":"Caltrops","not_picked":["Doppelganger","Prepared"],"floor":7},{"picked":"Dagger Spray","not_picked":["Blade Dance","Prepared"],"floor":10},{"picked":"Sucker Punch","not_picked":["Noxious Fumes","Heel Hook"],"floor":11},{"picked":"Eviscerate","not_picked":["Quick Slash","Poisoned Stab"],"floor":14},{"picked":"Infinite Blades","not_picked":["Leg Sweep","Acrobatics"],"floor":15},{"picked":"Corpse Explosion","not_picked":["Phantasmal Killer","Die Die Die"],"floor":16},{"picked":"Choke","not_picked":["Dash","Heel Hook"],"floor":18},{"picked":"Crippling Poison","not_picked":["Reflex","Flying Knee"],"floor":19},{"picked":"Underhanded Strike","not_picked":["Backflip","Quick Slash"],"floor":23},{"picked":"Poisoned Stab","not_picked":["Deadly Poison","Unload"],"floor":24},{"picked":"Deadly Poison","not_picked":["Blur","Dagger Throw"],"floor":25},{"picked":"Masterful Stab+1","not_picked":["Deadly Poison+1","Distraction"],"floor":27},{"picked":"Bouncing Flask","not_picked":["Dagger Spray","Flying Knee"],"floor":28},{"picked":"Masterful Stab","not_picked":["Cloak And Dagger+1","Blur+1"],"floor":29},{"picked":"Deadly Poison","not_picked":["Cloak And Dagger","Prepared"],"floor":30},{"picked":"Well Laid Plans+1","not_picked":["Expertise+1","Underhanded Strike"],"floor":31},{"picked":"Bouncing Flask+1","not_picked":["Escape Plan","Deflect"],"floor":32}],"event_choices":[{"event_name":"Shining Light","player_choice":"Entered Light","floor":2,"cards_obtained":null,"cards_removed":null,"cards_transformed":null,"cards_upgraded":["Strike_G","Defend_G"],"relics_obtained":null,"potions_obtained":null,"relics_lost":null,"damage_taken":14,"damage_healed":0,"max_hp_loss":0,"max_hp_gain":0,"gold_gain":0,"gold_loss":0},{"event_name":"Mushrooms","player_choice":"Fought Mushrooms","floor":11,"cards_obtained":null,"cards_removed":null,"cards_transformed":null,"cards_upgraded":null,"relics_obtained":null,"potions_obtained":null,"relics_lost":null,"damage_taken":0,"damage_healed":0,"max_hp_loss":0,"max_hp_gain":0,"gold_gain":0,"gold_loss":0},{"event_name":"Masked Bandits","player_choice":"Paid Fearfully","floor":20,"cards_obtained":null,"cards_removed":null,"cards_transformed":null,"cards_upgraded":null,"relics_obtained":null,"potions_obtained":null,"relics_lost":null,"damage_taken":0,"damage_healed":0,"max_hp_loss":0,"max_hp_gain":0,"gold_gain":0,"gold_loss":155},{"event_name":"Addict","player_choice":"Stole Relic","floor":21,"cards_obtained":["Shame"],"cards_removed":null,"cards_transformed":null,"cards_upgraded":null,"relics_obtained":["Happy Flower"],"potions_obtained":null,"relics_lost":null,"damage_taken":0,"damage_healed":0,"max_hp_loss":0,"max_hp_gain":0,"gold_gain":0,"gold_loss":0},{"event_name":"Forgotten Altar","player_choice":"Shed Blood","floor":22,"cards_obtained":null,"cards_removed":null,"cards_transformed":null,"cards_upgraded":null,"relics_obtained":null,"potions_obtained":null,"relics_lost":null,"damage_taken":18,"damage_healed":0,"max_hp_loss":0,"max_hp_gain":5,"gold_gain":0,"gold_loss":0}],"boss_relics":[{"picked":"Black Star","not_picked":["Busted Crown","Empty Cage"]}],"damage_taken":[{"floor":1,"enemies":"Jaw Worm","damage":13,"turns":8},{"floor":3,"enemies":"2 Louse","damage":0,"turns":3},{"floor":4,"enemies":"Cultist","damage":2,"turns":4},{"floor":5,"enemies":"3 Louse","damage":14,"turns":3},{"floor":7,"enemies":"Gremlin Nob","damage":23,"turns":5},{"floor":11,"enemies":"The Mushroom Lair","damage":17,"turns":3},{"floor":14,"enemies":"Exordium Thugs","damage":6,"turns":5},{"floor":16,"enemies":"The Guardian","damage":49,"turns":9},{"floor":18,"enemies":"Chosen","damage":12,"turns":4},{"floor":19,"enemies":"Spheric Guardian","damage":30,"turns":4},{"floor":24,"enemies":"Slavers","damage":24,"turns":2},{"floor":27,"enemies":"Centurion and Healer","damage":17,"turns":8},{"floor":29,"enemies":"Snake Plant","damage":15,"turns":3},{"floor":30,"enemies":"Chosen and Byrds","damage":13,"turns":4},{"floor":31,"enemies":"3 Cultists","damage":6,"turns":4},{"floor":33,"enemies":"Champ","damage":44,"turns":7}],"potions_obtained":[{"key":"Explosive Potion","floor":3},{"key":"Swift Potion","floor":7},{"key":"Block Potion","floor":14},{"key":"DistilledChaos","floor":16},{"key":"Dexterity Potion","floor":24},{"key":"Regen Potion","floor":30},{"key":"EssenceOfSteel","floor":31}],"relics_obtained":[{"key":"Letter Opener","floor":7},{"key":"Dream Catcher","floor":9},{"key":"Odd Mushroom","floor":11},{"key":"Matryoshka","floor":13},{"key":"Anchor","floor":24},{"key":"Frozen Egg 2","floor":24},{"key":"MawBank","floor":26},{"key":"Boot","floor":26}],"campfire_choices":[{"floor":6,"key":"REST"},{"floor":8,"key":"REST"},{"floor":10,"key":"REST"},{"floor":15,"key":"REST"},{"floor":23,"key":"REST"},{"floor":25,"key":"REST"},{"floor":28,"key":"REST"},{"floor":32,"key":"REST"}],"circlet_count":0,"win_rate":0,"killed_by":"Champ"}