{"play_id":"6faeebbc-805f-47ed-8c2a-16aa57c0951a","build_version":"2020-01-27","seed_played":"5696106783887127116","chose_seed":false,"seed_source_timestamp":8210379040929,"is_daily":false,"special_seed":null,"is_trial":false,"is_endless":false,"is_ascension_mode":true,"ascension_level":1,"neow_bonus":"BOSS_RELIC","neow_cost":"NONE","is_beta":false,"is_prod":false,"victory":false,"floor_reached":33,"score":339,"timestamp":1730546335,"local_time":"11/02/2024 11:18:55","playtime":2465,"player_experience":97893,"master_deck":["Strike_G","Strike_G","Strike_G","Strike_G","Strike_G","Defend_G","Defend_G","Defend_G+1","Survivor","Neutralize+1","PiercingWail","Backstab","Backflip","Calculated Gamble+1","Noxious Fumes+1","Outmaneuver+1","Corpse Explosion","Underhanded Strike","Flying Knee","Finisher","Deadly Poison","Cloak And Dagger","Riddle With Holes+1","Sucker Punch+1","Parasite","Poisoned Stab","Burst","Bullet Time"],"relics":["SacredBark","Meat on the Bone","Bag of Marbles","Gambling Chip","Anchor","Bottled Flame","The Specimen","Cursed Key","War Paint","Red Mask","Potion Belt","MawBank","Dream Catcher","Akabeko","Happy Flower"],"gold":359,"campfire_rested":3,"campfire_upgraded":3,"purchased_purges":1,"potions_floor_spawned":[3,10,12,18,23,25,28],"potions_floor_usage":[16,23,30,30,30,33,33],"current_hp_per_floor":[69,69,68,68,65,65,30,51,51,42,42,41,41,23,44,40,70,64,62,62,55,55,40,40,40,40,33,45,45,30,30,51,0],"max_hp_per_floor":[70,70,70,70,70,70,70,70,70,70,70,70,70,70,70,70,70,70,70,70,70,70,70,70,70,70,70,70,70,70,70,70,70],"gold_per_floor":[118,118,130,207,227,227,261,261,261,294,294,321,335,335,335,430,430,443,454,369,397,111,137,149,180,192,233,255,267,306,335,347,359],"path_per_floor":["M","?","M","T","M","R","E","R","T","E","R","E","M","?","R","B",null,"M","M","?","?","$","E","R","M","T","E","M","?","E","M","R","B"],"path_taken":["M","?","?","?","?","R","E","R","T","E","R","E","M","?","R","BOSS","M","M","?","?","$","E","R","M","T","E","M","?","E","M","R","BOSS"],"items_purchased":["Potion Belt","Deadly Poison","Cloak And Dagger"],"item_purchase_floors":[22,22,22],"items_purged":["Defend_G"],"items_purged_floors":[22],"character_chosen":"THE_SILENT","card_choices":[{"picked":"PiercingWail","not_picked":["Cloak And Dagger","Prepared"],"floor":1},{"picked":"Backstab","not_picked":["Eviscerate","Backflip"],"floor":3},{"picked":"Backflip","not_picked":["Quick Slash","Acrobatics"],"floor":5},{"picked":"Calculated Gamble","not_picked":["Sucker Punch","Outmaneuver"],"floor":7},{"picked":"Noxious Fumes","not_picked":["Flying Knee","Riddle With Holes"],"floor":10},{"picked":"Outmaneuver","not_picked":["Glass Knife","Acrobatics"],"floor":12},{"picked":"SKIP","not_picked":["PiercingWail","Calculated Gamble","Blur"],"floor":13},{"picked":"Corpse Explosion","not_picked":["Burst","A Thousand Cuts"],"floor":16},{"picked":"Underhanded Strike","not_picked":["PiercingWail","Dodge and Roll+1"],"floor":18},{"picked":"Flying Knee","not_picked":["Slice","Blade Dance+1"],"floor":19},{"picked":"Finisher","not_picked":["Blur","Terror"],"floor":21},{"picked":"Riddle With Holes+1","not_picked":["Terror","Doppelganger"],"floor":23},{"picked":"Sucker Punch+1","not_picked":["Cloak And Dagger+1","PiercingWail"],"floor":25},{"picked":"SKIP","not_picked":["Outmaneuver+1","Slice","Backflip+1"],"floor":27},{"picked":"Poisoned Stab","not_picked":["Bane","Cloak And Dagger"],"floor":28},{"picked":"Bullet Time","not_picked":["Blade Dance","Slice"],"floor":30},{"picked":"SKIP","not_picked":["Choke","Dagger Throw+1","Outmaneuver+1"],"floor":31}],"event_choices":[{"event_name":"Purifier","player_choice":"Purged","floor":2,"cards_obtained":null,"cards_removed":["Defend_G"],"cards_transformed":null,"cards_upgraded":null,"relics_obtained":null,"potions_obtained":null,"relics_lost":null,"damage_taken":0,"damage_healed":0,"max_hp_loss":0,"max_hp_gain":0,"gold_gain":0,"gold_loss":0},{"event_name":"Scrap Ooze","player_choice":"Success","floor":14,"cards_obtained":null,"cards_removed":null,"cards_transformed":null,"cards_upgraded":null,"relics_obtained":["The Specimen"],"potions_obtained":null,"relics_lost":null,"damage_taken":18,"damage_healed":0,"max_hp_loss":0,"max_hp_gain":0,"gold_gain":0,"gold_loss":0},{"event_name":"Addict","player_choice":"Obtained Relic","floor":20,"cards_obtained":null,"cards_removed":null,"cards_transformed":null,"cards_upgraded":null,"relics_obtained":["War Paint"],"potions_obtained":null,"relics_lost":null,"damage_taken":0,"damage_healed":0,"max_hp_loss":0,"max_hp_gain":0,"gold_gain":0,"gold_loss":85},{"event_name":"Masked Bandits","player_choice":"Fought Bandits","floor":21,"cards_obtained":null,"cards_removed":null,"cards_transformed":null,"cards_upgraded":null,"relics_obtained":null,"potions_obtained":null,"relics_lost":null,"damage_taken":0,"damage_healed":0,"max_hp_loss":0,"max_hp_gain":0,"gold_gain":0,"gold_loss":0},{"event_name":"The Library","player_choice":"Read","floor":29,"cards_obtained":["Burst"],"cards_removed":null,"cards_transformed":null,"cards_upgraded":null,"relics_obtained":null,"potions_obtained":null,"relics_lost":null,"damage_taken":0,"damage_healed":0,"max_hp_loss":0,"max_hp_gain":0,"gold_gain":0,"gold_loss":0}],"boss_relics":[{"picked":"Cursed Key","not_picked":["Runic Dome","Sozu"]}],"damage_taken":[{"floor":1,"enemies":"2 Louse","damage":1,"turns":5},{"floor":3,"enemies":"Cultist","damage":1,"turns":5},{"floor":5,"enemies":"Jaw Worm","damage":3,"turns":3},{"floor":7,"enemies":"3 Sentries","damage":47,"turns":14},{"floor":10,"enemies":"Gremlin Nob","damage":21,"turns":5},{"floor":12,"enemies":"3 Sentries","damage":1,"turns":6},{"floor":13,"enemies":"Looter","damage":0,"turns":2},{"floor":16,"enemies":"The Guardian","damage":16,"turns":11},{"floor":18,"enemies":"Spheric Guardian","damage":6,"turns":5},{"floor":19,"enemies":"Shell Parasite","damage":2,"turns":5},{"floor":21,"enemies":"Masked Bandits","damage":7,"turns":4},{"floor":23,"enemies":"Slavers","damage":27,"turns":4},{"floor":25,"enemies":"Snecko","damage":0,"turns":4},{"floor":27,"enemies":"Book of Stabbing","damage":19,"turns":6},{"floor":28,"enemies":"Cultist and Chosen","damage":0,"turns":3},{"floor":30,"enemies":"Slavers","damage":27,"turns":3},{"floor":31,"enemies":"Shelled Parasite and Fungi","damage":12,"turns":3},{"floor":33,"enemies":"Champ","damage":52,"turns":9}],"potions_obtained":[{"key":"Ancient Potion","floor":3},{"key":"Dexterity Potion","floor":10},{"key":"Fire Potion","floor":12},{"key":"CunningPotion","floor":18},{"key":"LiquidBronze","floor":23},{"key":"BlessingOfTheForge","floor":25},{"key":"Weak Potion","floor":28}],"relics_obtained":[{"key":"Meat on the Bone","floor":4},{"key":"Bag of Marbles","floor":7},{"key":"Gambling Chip","floor":9},{"key":"Anchor","floor":10},{"key":"Bottled Flame","floor":12},{"key":"Red Mask","floor":21},{"key":"MawBank","floor":23},{"key":"Dream Catcher","floor":26},{"key":"Akabeko","floor":27},{"key":"Happy Flower","floor":30}],"campfire_choices":[{"floor":6,"key":"SMITH","data":"Neutralize"},{"floor":8,"key":"REST"},{"floor":11,"key":"SMITH","data":"Noxious Fumes"},{"floor":15,"key":"REST"},{"floor":24,"key":"SMITH","data":"Outmaneuver"},{"floor":32,"key":"REST"}],"circlet_count":0,"win_rate":0,"killed_by":"Champ"}