{"gold_per_floor":[117,131,131,142,156,156,190,190,190,201,231,156,156,189,189,285,285,305,305,323,336,35,35,69,87,87,87,102,102,2,37,37,141,141,157,203,222,222,272,272,300,7,7,7,35,35,0,17,17,17],"floor_reached":51,"playtime":2567,"items_purged":["Strike_G","Strike_G"],"score":970,"play_id":"9ccdd898-8651-45bc-8b94-32c726ba0883","local_time":"11/16/2024 00:04:06","is_ascension_mode":true,"campfire_choices":[{"data":"Catalyst","floor":6,"key":"SMITH"},{"floor":8,"key":"REST"},{"data":"Envenom","floor":13,"key":"SMITH"},{"data":"Eviscerate","floor":15,"key":"SMITH"},{"floor":23,"key":"REST"},{"data":"Adrenaline","floor":27,"key":"SMITH"},{"data":"Envenom","floor":29,"key":"SMITH"},{"data":"A Thousand Cuts","floor":32,"key":"SMITH"},{"floor":40,"key":"REST"},{"data":"Defend_G","floor":44,"key":"PURGE"},{"floor":49,"key":"REST"}],"neow_cost":"NONE","seed_source_timestamp":0,"circlet_count":0,"master_deck":["Strike_G","Strike_G","Strike_G","Defend_G","Defend_G","Defend_G","Defend_G","Survivor","Neutralize","Envenom+1","Catalyst+1","Sucker Punch","Poisoned Stab","Bullet Time","Poisoned Stab","Finisher+1","Eviscerate+1","Envenom+1","Outmaneuver+1","Adrenaline+1","Choke","A Thousand Cuts+1","After Image","Bouncing Flask+1","Madness","Madness","Riddle With Holes+1"],"special_seed":0,"relics":["Ring of the Snake","Snake Skull","Paper Crane","Bag of Preparation","Pantograph","Anchor","Runic Pyramid","Thread and Needle","Du-Vu Doll","FossilizedHelix","Lantern","Black Star","Mango","Tough Bandages","Sundial","Vajra","Peace Pipe","Darkstone Periapt","Prayer Wheel","Torii","Red Mask"],"potions_floor_usage":[50,50,50],"damage_taken":[{"damage":8,"enemies":"2 Louse","floor":1,"turns":3},{"damage":7,"enemies":"Jaw Worm","floor":2,"turns":4},{"damage":4,"enemies":"Cultist","floor":4,"turns":3},{"damage":0,"enemies":"2 Fungi Beasts","floor":5,"turns":4},{"damage":15,"enemies":"3 Sentries","floor":7,"turns":5},{"damage":3,"enemies":"3 Louse","floor":10,"turns":3},{"damage":0,"enemies":"Gremlin Nob","floor":11,"turns":2},{"damage":8,"enemies":"Lagavulin","floor":14,"turns":6},{"damage":0,"enemies":"Slime Boss","floor":16,"turns":7},{"damage":12,"enemies":"Shell Parasite","floor":18,"turns":3},{"damage":7,"enemies":"3 Byrds","floor":20,"turns":4},{"damage":8,"enemies":"Snecko","floor":21,"turns":4},{"damage":13,"enemies":"Gremlin Leader","floor":24,"turns":7},{"damage":0,"enemies":"Snake Plant","floor":25,"turns":3},{"damage":0,"enemies":"Cultist and Chosen","floor":28,"turns":3},{"damage":0,"enemies":"Book of Stabbing","floor":31,"turns":4},{"damage":4,"enemies":"Automaton","floor":33,"turns":6},{"damage":0,"enemies":"3 Darklings","floor":35,"turns":2},{"damage":29,"enemies":"2 Orb Walkers","floor":36,"turns":5},{"damage":9,"enemies":"3 Shapes","floor":37,"turns":3},{"damage":12,"enemies":"Mind Bloom Boss Battle","floor":39,"turns":4},{"damage":13,"enemies":"Reptomancer","floor":41,"turns":6},{"damage":26,"enemies":"Giant Head","floor":45,"turns":7},{"damage":0,"enemies":"Maw","floor":48,"turns":4},{"damage":39,"enemies":"Time Eater","floor":50,"turns":6}],"seed_played":"4912925700947445032","potions_obtained":[{"floor":1,"key":"CunningPotion"},{"floor":5,"key":"SteroidPotion"},{"floor":10,"key":"Block Potion"},{"floor":16,"key":"DistilledChaos"},{"floor":24,"key":"Ancient Potion"},{"floor":28,"key":"SpeedPotion"},{"floor":37,"key":"Swift Potion"},{"floor":45,"key":"Strength Potion"}],"is_trial":false,"path_per_floor":["M","M","?","M","M","R","E","R","T","M","E","$","R","E","R","B",null,"M","?","M","M","$","R","E","M","T","R","M","R","$","E","R","B",null,"M","?","M","?","?","R","E","$","T","R","E","$","?","M","R","B",null],"character_chosen":"THE_SILENT","basemod:card_modifiers":[null,null,null,null,null,null,null,null,null,null,null,null,null,null,null,null,null,null,null,null,null,null,null,null,null,null,null],"items_purchased":["Thread and Needle","Peace Pipe"],"campfire_rested":4,"item_purchase_floors":[22,42],"current_hp_per_floor":[62,55,48,44,44,44,29,50,50,47,47,47,47,39,39,64,70,58,58,51,43,43,64,51,51,51,51,51,51,51,51,51,66,70,70,55,46,35,48,73,60,60,60,60,34,34,34,34,59,45],"gold":17,"neow_bonus":"ONE_RANDOM_RARE_CARD","is_prod":false,"is_daily":false,"chose_seed":false,"campfire_upgraded":6,"win_rate":0,"timestamp":1731711846,"path_taken":["M","M","?","M","M","R","E","R","T","M","E","$","R","E","R","BOSS","M","?","M","?","$","R","E","M","T","R","M","R","$","E","R","BOSS","M","?","M","?","?","R","E","?","T","R","E","$","?","M","R","BOSS"],"build_version":"2022-12-18","purchased_purges":2,"victory":true,"max_hp_per_floor":[70,70,70,70,70,70,70,70,70,70,70,70,70,70,70,70,70,70,70,70,70,70,70,70,70,70,70,70,70,70,70,70,70,70,70,84,84,84,84,84,84,84,84,84,84,84,84,84,84,84],"card_choices":[{"not_picked":["Reflex","Heel Hook"],"picked":"Catalyst","floor":1},{"not_picked":["Dodge and Roll","Distraction"],"picked":"Sucker Punch","floor":2},{"not_picked":["PiercingWail","Sucker Punch"],"picked":"Poisoned Stab","floor":4},{"not_picked":["Flying Knee","Dagger Spray"],"picked":"Bullet Time","floor":5},{"not_picked":["Reflex","Quick Slash"],"picked":"Poisoned Stab","floor":7},{"not_picked":["Tactician","Sucker Punch"],"picked":"Finisher","floor":10},{"not_picked":["Underhanded Strike","Slice"],"picked":"Eviscerate","floor":11},{"not_picked":["Infinite Blades","Cloak And Dagger","Accuracy"],"picked":"SKIP","floor":14},{"not_picked":["Adrenaline","Burst"],"picked":"Envenom","floor":16},{"not_picked":["Bane","Dodge and Roll"],"picked":"Outmaneuver+1","floor":18},{"not_picked":["Dagger Spray","Dagger Throw"],"picked":"Adrenaline","floor":20},{"not_picked":["Dodge and Roll","Sucker Punch"],"picked":"Choke","floor":21},{"not_picked":["Underhanded Strike","Calculated Gamble","Deflect"],"picked":"SKIP","floor":24},{"not_picked":["Eviscerate","Bane"],"picked":"A Thousand Cuts","floor":25},{"not_picked":["Heel Hook","Blade Dance","Bane+1"],"picked":"SKIP","floor":28},{"not_picked":["Phantasmal Killer","Slice+1","Acrobatics+1"],"picked":"SKIP","floor":31},{"not_picked":["Phantasmal Killer","Tools of the Trade"],"picked":"After Image","floor":33},{"not_picked":["Deadly Poison+1","Calculated Gamble"],"picked":"Bouncing Flask+1","floor":35},{"not_picked":["Slice+1","Caltrops","Underhanded Strike+1"],"picked":"SKIP","floor":37},{"not_picked":["Skewer","Dodge and Roll","Crippling Poison"],"picked":"SKIP","floor":41},{"not_picked":["Blade Dance","Quick Slash","Dodge and Roll+1"],"picked":"SKIP","floor":45},{"not_picked":["Glass Knife","Skewer"],"picked":"Riddle With Holes+1","floor":48},{"not_picked":["Choke+1","Outmaneuver+1","Deadly Poison+1"],"picked":"SKIP","floor":48}],"player_experience":103238,"relics_obtained":[{"floor":7,"key":"Paper Crane"},{"floor":9,"key":"Bag of Preparation"},{"floor":11,"key":"Pantograph"},{"floor":14,"key":"Anchor"},{"floor":24,"key":"Du-Vu Doll"},{"floor":26,"key":"FossilizedHelix"},{"floor":31,"key":"Lantern"},{"floor":36,"key":"Mango"},{"floor":39,"key":"Tough Bandages"},{"floor":41,"key":"Sundial"},{"floor":41,"key":"Vajra"},{"floor":43,"key":"Darkstone Periapt"},{"floor":45,"key":"Prayer Wheel"},{"floor":45,"key":"Torii"}],"event_choices":[{"damage_healed":0,"max_hp_gain":0,"max_hp_loss":0,"gold_gain":0,"event_name":"Scrap Ooze","player_choice":"Success","floor":3,"gold_loss":0,"damage_taken":7,"relics_obtained":["Snake Skull"]},{"damage_healed":0,"max_hp_gain":0,"max_hp_loss":0,"gold_gain":0,"event_name":"Accursed Blacksmith","player_choice":"Forge","floor":19,"gold_loss":0,"damage_taken":0,"cards_upgraded":["Finisher"]},{"damage_healed":0,"max_hp_gain":0,"max_hp_loss":0,"gold_gain":0,"event_name":"Mysterious Sphere","player_choice":"Fight","floor":36,"gold_loss":0,"damage_taken":0},{"damage_healed":0,"max_hp_gain":0,"max_hp_loss":0,"gold_gain":0,"event_name":"Winding Halls","player_choice":"Embrace Madness","floor":38,"gold_loss":0,"damage_taken":11,"cards_obtained":["Madness","Madness"]},{"damage_healed":0,"max_hp_gain":0,"max_hp_loss":0,"gold_gain":0,"event_name":"MindBloom","player_choice":"Fight","floor":39,"gold_loss":0,"damage_taken":0},{"damage_healed":0,"max_hp_gain":0,"max_hp_loss":0,"gold_gain":0,"event_name":"Tomb of Lord Red Mask","player_choice":"Paid","floor":47,"gold_loss":35,"damage_taken":0,"relics_obtained":["Red Mask"]}],"is_beta":false,"boss_relics":[{"not_picked":["WristBlade","HoveringKite"],"picked":"Runic Pyramid"},{"not_picked":["Coffee Dripper","SacredBark"],"picked":"Black Star"}],"items_purged_floors":[12,30],"is_endless":false,"potions_floor_spawned":[1,5,10,16,24,28,37,45,48],"ascension_level":2}