{"play_id":"db0af08b-175e-43cd-a654-92765a62c7b6","build_version":"2020-01-27","seed_played":"-2845506865808254872","chose_seed":false,"seed_source_timestamp":3721476985069,"is_daily":false,"special_seed":null,"is_trial":false,"is_endless":false,"is_ascension_mode":true,"ascension_level":1,"neow_bonus":"THREE_CARDS","neow_cost":"NONE","is_beta":false,"is_prod":false,"victory":true,"floor_reached":51,"score":922,"timestamp":1731628829,"local_time":"11/15/2024 00:00:29","playtime":2880,"player_experience":100358,"master_deck":["Strike_G","Defend_G","Defend_G","Defend_G","Survivor","Neutralize","Cloak And Dagger","Noxious Fumes+1","Noxious Fumes+1","Flying Knee+1","All Out Attack","Underhanded Strike","Bullet Time+1","Crippling Poison","Dagger Throw+1","Envenom","Wraith Form v2+1","Poisoned Stab","Catalyst+1","Noxious Fumes+1","Leg Sweep+1","Reflex","Noxious Fumes+1","Ghostly","Ghostly","Ghostly","Ghostly","Ghostly","Mind Blast+1","Bouncing Flask+1","Night Terror+1","Enlightenment+1"],"relics":["Ring of the Snake","SsserpentHead","White Beast Statue","Nunchaku","Gremlin Horn","Whetstone","SlaversCollar","Anchor","MealTicket","Dead Branch","Tiny House","Mummified Hand","Strawberry","Kunai","Toxic Egg 2"],"gold":212,"campfire_rested":4,"campfire_upgraded":5,"purchased_purges":4,"potions_floor_spawned":[5,8,10,11,14,16,18,20,22,24,25,27,31,33,35,40,42,45,47],"potions_floor_usage":[8,14,14,16,20,20,24,25,33,42,45,45],"current_hp_per_floor":[70,70,70,70,70,45,45,22,22,14,6,27,27,13,34,20,70,50,50,44,44,41,41,35,25,25,25,25,25,25,22,32,32,40,33,33,40,38,45,39,39,36,36,36,34,34,20,35,45,41],"max_hp_per_floor":[70,70,70,70,70,70,70,70,70,70,70,70,70,70,70,70,70,70,70,70,70,70,70,70,70,70,70,35,35,35,35,35,35,40,40,40,40,38,45,45,45,45,45,45,45,45,45,45,45,45],"gold_per_floor":[109,109,15,26,44,75,75,102,102,116,136,136,35,63,63,165,165,185,235,254,42,110,110,136,150,150,183,233,283,283,303,303,401,451,468,518,54,104,154,181,181,196,265,315,385,385,397,212,212,212],"path_per_floor":["M","?","$","M","M","E","R","E","T","M","M","R","$","E","R","B",null,"M","?","M","$","M","R","E","M","T","E","?","?","R","M","R","B",null,"M","?","$","?","T","E","R","M","T","?","M","R","M","$","R","B",null],"path_taken":["M","?","?","M","M","E","R","E","T","M","M","R","?","E","R","BOSS","M","?","M","$","?","R","E","M","T","E","?","?","R","M","R","BOSS","M","?","$","?","?","E","R","M","T","?","?","R","M","?","R","BOSS"],"items_purchased":["Noxious Fumes","Envenom","Catalyst","Noxious Fumes","Mummified Hand","Mind Blast","Enlightenment+1"],"item_purchase_floors":[3,13,21,21,37,37,48],"items_purged":["Strike_G","Strike_G","Defend_G","Strike_G"],"items_purged_floors":[3,21,37,48],"character_chosen":"THE_SILENT","card_choices":[{"picked":"Cloak And Dagger","not_picked":["Acrobatics","Dodge and Roll"],"floor":0},{"picked":"Noxious Fumes","not_picked":["Outmaneuver","Cloak And Dagger"],"floor":1},{"picked":"Flying Knee","not_picked":["Slice","Well Laid Plans"],"floor":4},{"picked":"All Out Attack","not_picked":["Dagger Spray","Underhanded Strike"],"floor":5},{"picked":"Underhanded Strike","not_picked":["Dagger Spray","Accuracy"],"floor":6},{"picked":"Bullet Time","not_picked":["Dagger Spray","Quick Slash"],"floor":8},{"picked":"Crippling Poison","not_picked":["Tactician","Blur"],"floor":10},{"picked":"Dagger Throw","not_picked":["Sucker Punch","PiercingWail"],"floor":11},{"picked":"SKIP","not_picked":["Doppelganger","Choke","Sucker Punch"],"floor":14},{"picked":"Wraith Form v2","not_picked":["Night Terror","Malaise"],"floor":16},{"picked":"Poisoned Stab","not_picked":["Backflip","Terror"],"floor":18},{"picked":"SKIP","not_picked":["Underhanded Strike","Outmaneuver","Quick Slash"],"floor":20},{"picked":"Leg Sweep+1","not_picked":["Eviscerate","Bane"],"floor":22},{"picked":"Reflex","not_picked":["All Out Attack","Flying Knee"],"floor":24},{"picked":"Noxious Fumes+1","not_picked":["Bane+1","Malaise"],"floor":25},{"picked":"SKIP","not_picked":["Sucker Punch","Flying Knee+1","Leg Sweep"],"floor":27},{"picked":"SKIP","not_picked":["Blade Dance","Dagger Throw","Underhanded Strike"],"floor":31},{"picked":"SKIP","not_picked":["Dagger Throw","Dash","Tactician"],"floor":35},{"picked":"Bouncing Flask+1","not_picked":["Flechettes","Bane+1"],"floor":40},{"picked":"SKIP","not_picked":["Sucker Punch","Cloak And Dagger+1","Backflip"],"floor":42},{"picked":"SKIP","not_picked":["Flechettes+1","Prepared+1","Bane+1"],"floor":45},{"picked":"SKIP","not_picked":["Well Laid Plans+1","Blur+1","Prepared+1"],"floor":47}],"event_choices":[{"event_name":"FaceTrader","player_choice":"Trade","floor":2,"cards_obtained":null,"cards_removed":null,"cards_transformed":null,"cards_upgraded":null,"relics_obtained":["SsserpentHead"],"potions_obtained":null,"relics_lost":null,"damage_taken":0,"damage_healed":0,"max_hp_loss":0,"max_hp_gain":0,"gold_gain":0,"gold_loss":0},{"event_name":"Accursed Blacksmith","player_choice":"Forge","floor":19,"cards_obtained":null,"cards_removed":null,"cards_transformed":null,"cards_upgraded":["Wraith Form v2"],"relics_obtained":null,"potions_obtained":null,"relics_lost":null,"damage_taken":0,"damage_healed":0,"max_hp_loss":0,"max_hp_gain":0,"gold_gain":0,"gold_loss":0},{"event_name":"Ghosts","player_choice":"Became a Ghost","floor":28,"cards_obtained":["Ghostly","Ghostly","Ghostly","Ghostly","Ghostly"],"cards_removed":null,"cards_transformed":null,"cards_upgraded":null,"relics_obtained":null,"potions_obtained":null,"relics_lost":null,"damage_taken":0,"damage_healed":0,"max_hp_loss":35,"max_hp_gain":0,"gold_gain":0,"gold_loss":0},{"event_name":"Back to Basics","player_choice":"Elegance","floor":29,"cards_obtained":null,"cards_removed":["Defend_G"],"cards_transformed":null,"cards_upgraded":null,"relics_obtained":null,"potions_obtained":null,"relics_lost":null,"damage_taken":0,"damage_healed":0,"max_hp_loss":0,"max_hp_gain":0,"gold_gain":0,"gold_loss":0},{"event_name":"Tomb of Lord Red Mask","player_choice":"Ignored","floor":36,"cards_obtained":null,"cards_removed":null,"cards_transformed":null,"cards_upgraded":null,"relics_obtained":null,"potions_obtained":null,"relics_lost":null,"damage_taken":0,"damage_healed":0,"max_hp_loss":0,"max_hp_gain":0,"gold_gain":0,"gold_loss":0},{"event_name":"Winding Halls","player_choice":"Max HP","floor":38,"cards_obtained":null,"cards_removed":null,"cards_transformed":null,"cards_upgraded":null,"relics_obtained":null,"potions_obtained":null,"relics_lost":null,"damage_taken":0,"damage_healed":0,"max_hp_loss":2,"max_hp_gain":0,"gold_gain":0,"gold_loss":0},{"event_name":"Transmorgrifier","player_choice":"Transformed","floor":44,"cards_obtained":["Night Terror"],"cards_removed":null,"cards_transformed":["Strike_G"],"cards_upgraded":null,"relics_obtained":null,"potions_obtained":null,"relics_lost":null,"damage_taken":0,"damage_healed":0,"max_hp_loss":0,"max_hp_gain":0,"gold_gain":0,"gold_loss":0}],"boss_relics":[{"picked":"SlaversCollar","not_picked":["Ectoplasm","Ring of the Serpent"]},{"picked":"Tiny House","not_picked":["SacredBark","Black Star"]}],"damage_taken":[{"floor":1,"enemies":"Jaw Worm","damage":0,"turns":4},{"floor":4,"enemies":"Cultist","damage":0,"turns":5},{"floor":5,"enemies":"2 Louse","damage":0,"turns":2},{"floor":6,"enemies":"Lagavulin","damage":25,"turns":7},{"floor":8,"enemies":"Gremlin Nob","damage":23,"turns":5},{"floor":10,"enemies":"Red Slaver","damage":8,"turns":4},{"floor":11,"enemies":"Looter","damage":8,"turns":3},{"floor":14,"enemies":"Lagavulin","damage":14,"turns":6},{"floor":16,"enemies":"Hexaghost","damage":14,"turns":8},{"floor":18,"enemies":"2 Thieves","damage":20,"turns":4},{"floor":20,"enemies":"3 Byrds","damage":6,"turns":3},{"floor":22,"enemies":"Snake Plant","damage":3,"turns":4},{"floor":24,"enemies":"Gremlin Leader","damage":6,"turns":6},{"floor":25,"enemies":"Centurion and Healer","damage":10,"turns":6},{"floor":27,"enemies":"Slavers","damage":0,"turns":4},{"floor":31,"enemies":"3 Cultists","damage":3,"turns":5},{"floor":33,"enemies":"Champ","damage":0,"turns":10},{"floor":35,"enemies":"3 Shapes","damage":7,"turns":5},{"floor":40,"enemies":"Giant Head","damage":6,"turns":9},{"floor":42,"enemies":"3 Darklings","damage":3,"turns":4},{"floor":45,"enemies":"Sphere and 2 Shapes","damage":2,"turns":4},{"floor":47,"enemies":"Writhing Mass","damage":14,"turns":7},{"floor":50,"enemies":"Time Eater","damage":4,"turns":7}],"potions_obtained":[{"key":"Weak Potion","floor":5},{"key":"EssenceOfSteel","floor":8},{"key":"GhostInAJar","floor":10},{"key":"PowerPotion","floor":11},{"key":"DistilledChaos","floor":14},{"key":"SteroidPotion","floor":16},{"key":"Fire Potion","floor":18},{"key":"DistilledChaos","floor":20},{"key":"GhostInAJar","floor":22},{"key":"Block Potion","floor":24},{"key":"Fire Potion","floor":25},{"key":"SpeedPotion","floor":27},{"key":"PowerPotion","floor":33},{"key":"Fire Potion","floor":42},{"key":"SteroidPotion","floor":45},{"key":"Fire Potion","floor":47}],"relics_obtained":[{"key":"White Beast Statue","floor":6},{"key":"Nunchaku","floor":8},{"key":"Gremlin Horn","floor":9},{"key":"Whetstone","floor":14},{"key":"Anchor","floor":24},{"key":"MealTicket","floor":26},{"key":"Dead Branch","floor":27},{"key":"Strawberry","floor":39},{"key":"Kunai","floor":40},{"key":"Toxic Egg 2","floor":43}],"campfire_choices":[{"floor":7,"key":"SMITH","data":"Noxious Fumes"},{"floor":12,"key":"REST"},{"floor":15,"key":"REST"},{"floor":23,"key":"SMITH","data":"Catalyst"},{"floor":30,"key":"SMITH","data":"Noxious Fumes"},{"floor":32,"key":"REST"},{"floor":41,"key":"SMITH","data":"Mind Blast"},{"floor":46,"key":"SMITH","data":"Noxious Fumes"},{"floor":49,"key":"REST"}],"circlet_count":0,"win_rate":0,"killed_by":null}