{"gold_per_floor":[113,132,132,132,148,148,179,179,179,1,1,36,56,76,76,173,173,190,105,105,118,118,118],"floor_reached":23,"playtime":1288,"items_purged":["Defend_G"],"score":229,"play_id":"9649b704-62c1-4046-8af4-539ba16349f3","local_time":"12/16/2024 16:07:23","is_ascension_mode":true,"campfire_choices":[{"data":"Backflip","floor":6,"key":"SMITH"},{"floor":8,"key":"REST"},{"floor":11,"key":"REST"},{"floor":15,"key":"REST"}],"neow_cost":"NONE","seed_source_timestamp":409954084057100,"circlet_count":0,"master_deck":["Strike_G","Strike_G","Strike_G","Strike_G","Defend_G","Defend_G","Defend_G","Defend_G","Survivor","Neutralize","Endless Agony","Outmaneuver","Backflip+1","Caltrops","Riddle With Holes","Quick Slash","Footwork","A Thousand Cuts","Choke+1","Concentrate"],"relics":["Ring of the Snake","NeowsBlessing","Tough Bandages","The Courier","Matryoshka","Cauldron","Odd Mushroom","Black Star","Mummified Hand","Nloth's Gift"],"potions_floor_usage":[12,13,16,22,22],"damage_taken":[{"damage":0,"enemies":"2 Louse","floor":1,"turns":1},{"damage":0,"enemies":"Small Slimes","floor":2,"turns":1},{"damage":0,"enemies":"Cultist","floor":5,"turns":1},{"damage":42,"enemies":"3 Sentries","floor":7,"turns":18},{"damage":42,"enemies":"Lagavulin","floor":12,"turns":10},{"damage":7,"enemies":"The Mushroom Lair","floor":13,"turns":4},{"damage":1,"enemies":"Red Slaver","floor":14,"turns":3},{"damage":14,"enemies":"Hexaghost","floor":16,"turns":9},{"damage":12,"enemies":"3 Byrds","floor":18,"turns":4},{"damage":5,"enemies":"Chosen","floor":21,"turns":4},{"damage":0,"enemies":"Snake Plant","floor":22,"turns":3},{"damage":64,"enemies":"Gremlin Leader","floor":23,"turns":5}],"seed_played":"3166183442747775322","potions_obtained":[{"floor":1,"key":"LiquidBronze"},{"floor":10,"key":"CultistPotion"},{"floor":10,"key":"SmokeBomb"},{"floor":13,"key":"GamblersBrew"},{"floor":14,"key":"BlessingOfTheForge"},{"floor":18,"key":"PowerPotion"}],"is_trial":false,"path_per_floor":["M","M","?","?","M","R","E","R","T","$","R","E","?","M","R","B",null,"M","?","?","M","M","E"],"character_chosen":"THE_SILENT","basemod:card_modifiers":[null,null,null,null,null,null,null,null,null,null,null,null,null,null,null,null,null,null,null,null],"items_purchased":["Cauldron"],"campfire_rested":3,"item_purchase_floors":[10],"current_hp_per_floor":[70,70,63,63,63,63,21,42,42,42,63,31,24,23,47,33,80,68,68,68,63,63,0],"gold":118,"neow_bonus":"THREE_ENEMY_KILL","is_prod":false,"is_daily":false,"chose_seed":false,"campfire_upgraded":1,"win_rate":0,"timestamp":1734361643,"path_taken":["M","M","?","?","?","R","E","R","T","?","R","E","?","M","R","BOSS","M","?","?","M","M","E"],"build_version":"2022-12-18","purchased_purges":1,"victory":false,"max_hp_per_floor":[70,70,70,70,70,70,70,70,70,70,70,80,80,80,80,80,80,80,80,80,80,80,80],"card_choices":[{"not_picked":["Heel Hook","Well Laid Plans"],"picked":"Endless Agony","floor":1},{"not_picked":["Deflect","Backflip"],"picked":"Outmaneuver","floor":2},{"not_picked":["Slice","Outmaneuver"],"picked":"Backflip","floor":5},{"not_picked":["Escape Plan","Slice"],"picked":"Caltrops","floor":7},{"not_picked":["Bane","Deflect"],"picked":"Riddle With Holes","floor":12},{"not_picked":["Dodge and Roll","Deflect"],"picked":"Quick Slash","floor":13},{"not_picked":["PiercingWail","Dagger Throw"],"picked":"Footwork","floor":14},{"not_picked":["Tools of the Trade","Doppelganger"],"picked":"A Thousand Cuts","floor":16},{"not_picked":["Dagger Throw","Quick Slash"],"picked":"Choke+1","floor":18},{"not_picked":["Outmaneuver","Poisoned Stab"],"picked":"Concentrate","floor":21}],"player_experience":108826,"relics_obtained":[{"floor":4,"key":"Tough Bandages"},{"floor":7,"key":"The Courier"},{"floor":9,"key":"Matryoshka"},{"floor":12,"key":"Pear"},{"floor":13,"key":"Odd Mushroom"}],"event_choices":[{"cards_removed":["Strike_G"],"damage_healed":0,"gold_gain":0,"player_choice":"Card Removal","damage_taken":7,"max_hp_gain":0,"max_hp_loss":0,"event_name":"Golden Wing","floor":3,"gold_loss":0},{"damage_healed":0,"gold_gain":0,"player_choice":"Relic","damage_taken":0,"max_hp_gain":0,"max_hp_loss":0,"event_name":"Wheel of Change","floor":4,"gold_loss":0},{"damage_healed":0,"gold_gain":0,"player_choice":"Fought Mushrooms","damage_taken":0,"max_hp_gain":0,"max_hp_loss":0,"event_name":"Mushrooms","floor":13,"gold_loss":0},{"damage_healed":0,"gold_gain":0,"player_choice":"Obtained Relic","damage_taken":0,"relics_obtained":["Mummified Hand"],"max_hp_gain":0,"max_hp_loss":0,"event_name":"Addict","floor":19,"gold_loss":85},{"damage_healed":0,"gold_gain":0,"player_choice":"Traded Relic","damage_taken":0,"relics_obtained":["Nloth's Gift"],"max_hp_gain":0,"max_hp_loss":0,"event_name":"N'loth","floor":20,"relics_lost":["Pear"],"gold_loss":0}],"is_beta":false,"boss_relics":[{"not_picked":["Calling Bell","Coffee Dripper"],"picked":"Black Star"}],"items_purged_floors":[10],"is_endless":false,"potions_floor_spawned":[1,13,14,18,22],"killed_by":"Gremlin Leader","ascension_level":3}