{"play_id":"40fbcc6a-73b0-44bf-9611-b703745cb08f","build_version":"2020-01-27","seed_played":"-1318519132070125200","chose_seed":false,"seed_source_timestamp":0,"is_daily":false,"special_seed":0,"is_trial":false,"is_endless":false,"is_ascension_mode":true,"ascension_level":3,"neow_bonus":"THREE_CARDS","neow_cost":"NONE","is_beta":false,"is_prod":false,"victory":true,"floor_reached":51,"score":887,"timestamp":1734783040,"local_time":"12/21/2024 12:10:40","playtime":2526,"player_experience":112022,"master_deck":["Strike_G","Strike_G","Defend_G+1","Defend_G+1","Survivor","Neutralize","Noxious Fumes+1","Crippling Poison","Flying Knee","Deadly Poison","Bouncing Flask","Bouncing Flask","Deadly Poison","Wraith Form v2","Crippling Poison","Deadly Poison","Heel Hook+1","Catalyst","PiercingWail+1","Accuracy","Burst","Concentrate+1","Dark Shackles","Unload","Deflect+1","Outmaneuver+1","Bouncing Flask","Bullet Time"],"relics":["Ring of the Snake","Letter Opener","War Paint","Juzu Bracelet","Runic Pyramid","Lantern","Toy Ornithopter","Ninja Scroll","Shuriken","Omamori","Mummified Hand","Sozu","Eternal Feather","Unceasing Top","Blue Candle","MealTicket"],"gold":142,"campfire_rested":7,"campfire_upgraded":1,"purchased_purges":1,"potions_floor_spawned":[1,7,16,25,31,36,44,45],"potions_floor_usage":[],"current_hp_per_floor":[68,61,59,59,59,59,56,38,38,59,55,55,55,51,70,26,70,61,61,61,61,61,31,52,24,24,45,45,45,42,35,56,24,70,69,65,65,65,65,42,70,66,66,66,65,61,40,40,70,23],"max_hp_per_floor":[70,70,70,70,70,70,70,70,70,70,70,70,70,70,70,70,70,70,70,70,70,70,70,70,70,70,70,70,70,70,70,70,70,70,70,70,70,70,70,70,70,70,70,70,70,70,70,70,70,70],"gold_per_floor":[116,116,134,134,152,152,171,200,247,247,259,87,87,120,120,218,218,229,252,278,25,25,50,50,80,80,80,80,80,96,107,107,212,212,231,244,4,4,4,30,30,64,90,101,113,131,142,142,142,142],"path_per_floor":["M","?","M","?","M","R","M","E","T","R","M","$","?","E","R","B","ul","M","T","T","$","?","E","R","E","T","R","?","?","M","M","R","B","ul","M","M","$","?","?","E","R","E","T","M","M","M","M","?","R","B",null],"path_taken":["M","?","M","?","?","R","M","E","T","R","M","$","?","E","R","BOSS","M","?","?","?","?","E","R","E","T","R","?","?","M","M","R","BOSS","M","M","$","?","?","E","R","E","T","M","M","M","M","?","R","BOSS"],"items_purchased":["Deadly Poison","Energy Potion","Ninja Scroll","Eternal Feather"],"item_purchase_floors":[12,12,21,37],"items_purged":["Defend_G"],"items_purged_floors":[12],"character_chosen":"THE_SILENT","card_choices":[{"picked":"Noxious Fumes","not_picked":["Eviscerate","Deflect"],"floor":0},{"picked":"SKIP","not_picked":["Setup","Distraction","Blade Dance"],"floor":1},{"picked":"Crippling Poison","not_picked":["Deflect","Acrobatics"],"floor":3},{"picked":"Flying Knee","not_picked":["Deflect","Slice"],"floor":5},{"picked":"Deadly Poison","not_picked":["Flechettes","Deflect"],"floor":7},{"picked":"Bouncing Flask","not_picked":["Outmaneuver","Bane"],"floor":8},{"picked":"Bouncing Flask","not_picked":["Expertise","Sucker Punch"],"floor":11},{"picked":"SKIP","not_picked":["Poisoned Stab","Dodge and Roll","Leg Sweep"],"floor":14},{"picked":"Wraith Form v2","not_picked":["Malaise","Night Terror"],"floor":16},{"picked":"Crippling Poison","not_picked":["Prepared","Cloak And Dagger"],"floor":18},{"picked":"Heel Hook+1","not_picked":["Slice","Deflect"],"floor":23},{"picked":"Catalyst","not_picked":["All Out Attack","Deflect"],"floor":25},{"picked":"PiercingWail+1","not_picked":["Blade Dance+1","Dash"],"floor":30},{"picked":"Accuracy","not_picked":["Sucker Punch+1","Flying Knee"],"floor":31},{"picked":"Burst","not_picked":["Unload","Doppelganger"],"floor":33},{"picked":"SKIP","not_picked":["Dodge and Roll+1","Endless Agony+1","PiercingWail"],"floor":35},{"picked":"Concentrate+1","not_picked":["Heel Hook+1","Poisoned Stab"],"floor":36},{"picked":"Dark Shackles","not_picked":["Violence","Good Instincts"],"floor":38},{"picked":"Unload","not_picked":["Predator+1","Slice+1"],"floor":40},{"picked":"SKIP","not_picked":["Slice","Deflect","Dash+1"],"floor":42},{"picked":"Deflect+1","not_picked":["Finisher","Dagger Throw+1"],"floor":44},{"picked":"Outmaneuver+1","not_picked":["Sucker Punch","Bane+1"],"floor":45},{"picked":"Bouncing Flask","not_picked":["Sucker Punch","All Out Attack+1"],"floor":46},{"picked":"Bullet Time","not_picked":["Blade Dance+1","Dagger Throw"],"floor":47}],"event_choices":[{"event_name":"Golden Wing","player_choice":"Card Removal","floor":2,"cards_obtained":null,"cards_removed":["Defend_G"],"cards_transformed":null,"cards_upgraded":null,"relics_obtained":null,"potions_obtained":null,"relics_lost":null,"damage_taken":7,"damage_healed":0,"max_hp_loss":0,"max_hp_gain":0,"gold_gain":0,"gold_loss":0},{"event_name":"Purifier","player_choice":"Purged","floor":4,"cards_obtained":null,"cards_removed":["Strike_G"],"cards_transformed":null,"cards_upgraded":null,"relics_obtained":null,"potions_obtained":null,"relics_lost":null,"damage_taken":0,"damage_healed":0,"max_hp_loss":0,"max_hp_gain":0,"gold_gain":0,"gold_loss":0},{"event_name":"Bonfire Elementals","player_choice":"Offered Basic","floor":13,"cards_obtained":null,"cards_removed":["Strike_G"],"cards_transformed":null,"cards_upgraded":null,"relics_obtained":null,"potions_obtained":null,"relics_lost":null,"damage_taken":0,"damage_healed":0,"max_hp_loss":0,"max_hp_gain":0,"gold_gain":0,"gold_loss":0},{"event_name":"The Library","player_choice":"Read","floor":22,"cards_obtained":["Deadly Poison"],"cards_removed":null,"cards_transformed":null,"cards_upgraded":null,"relics_obtained":null,"potions_obtained":null,"relics_lost":null,"damage_taken":0,"damage_healed":0,"max_hp_loss":0,"max_hp_gain":0,"gold_gain":0,"gold_loss":0},{"event_name":"Forgotten Altar","player_choice":"Smashed Altar","floor":28,"cards_obtained":["Decay"],"cards_removed":null,"cards_transformed":null,"cards_upgraded":null,"relics_obtained":null,"potions_obtained":null,"relics_lost":null,"damage_taken":0,"damage_healed":0,"max_hp_loss":0,"max_hp_gain":0,"gold_gain":0,"gold_loss":0},{"event_name":"Back to Basics","player_choice":"Elegance","floor":29,"cards_obtained":null,"cards_removed":["Strike_G"],"cards_transformed":null,"cards_upgraded":null,"relics_obtained":null,"potions_obtained":null,"relics_lost":null,"damage_taken":0,"damage_healed":0,"max_hp_loss":0,"max_hp_gain":0,"gold_gain":0,"gold_loss":0},{"event_name":"SensoryStone","player_choice":"Memory 1","floor":38,"cards_obtained":null,"cards_removed":null,"cards_transformed":null,"cards_upgraded":null,"relics_obtained":null,"potions_obtained":null,"relics_lost":null,"damage_taken":0,"damage_healed":0,"max_hp_loss":0,"max_hp_gain":0,"gold_gain":0,"gold_loss":0},{"event_name":"Falling","player_choice":"Removed Skill","floor":39,"cards_obtained":null,"cards_removed":["Defend_G"],"cards_transformed":null,"cards_upgraded":null,"relics_obtained":null,"potions_obtained":null,"relics_lost":null,"damage_taken":0,"damage_healed":0,"max_hp_loss":0,"max_hp_gain":0,"gold_gain":0,"gold_loss":0},{"event_name":"SecretPortal","player_choice":"Ignored","floor":48,"cards_obtained":null,"cards_removed":null,"cards_transformed":null,"cards_upgraded":null,"relics_obtained":null,"potions_obtained":null,"relics_lost":null,"damage_taken":0,"damage_healed":0,"max_hp_loss":0,"max_hp_gain":0,"gold_gain":0,"gold_loss":0}],"boss_relics":[{"picked":"Runic Pyramid","not_picked":["Tiny House","HoveringKite"]},{"picked":"Sozu","not_picked":["Ring of the Serpent","Runic Dome"]}],"damage_taken":[{"floor":1,"enemies":"Jaw Worm","damage":2,"turns":4},{"floor":3,"enemies":"Cultist","damage":2,"turns":5},{"floor":5,"enemies":"2 Louse","damage":0,"turns":2},{"floor":7,"enemies":"Red Slaver","damage":3,"turns":4},{"floor":8,"enemies":"3 Sentries","damage":18,"turns":5},{"floor":11,"enemies":"Exordium Wildlife","damage":4,"turns":3},{"floor":14,"enemies":"Gremlin Nob","damage":4,"turns":4},{"floor":16,"enemies":"Slime Boss","damage":44,"turns":8},{"floor":18,"enemies":"Shell Parasite","damage":9,"turns":4},{"floor":23,"enemies":"Slavers","damage":30,"turns":5},{"floor":25,"enemies":"Book of Stabbing","damage":28,"turns":5},{"floor":30,"enemies":"Spheric Guardian","damage":3,"turns":3},{"floor":31,"enemies":"Centurion and Healer","damage":7,"turns":4},{"floor":33,"enemies":"Champ","damage":37,"turns":7},{"floor":35,"enemies":"3 Shapes","damage":1,"turns":2},{"floor":36,"enemies":"Orb Walker","damage":4,"turns":2},{"floor":40,"enemies":"Reptomancer","damage":23,"turns":5},{"floor":42,"enemies":"Giant Head","damage":4,"turns":7},{"floor":44,"enemies":"4 Shapes","damage":0,"turns":4},{"floor":45,"enemies":"Transient","damage":1,"turns":5},{"floor":46,"enemies":"Sphere and 2 Shapes","damage":4,"turns":4},{"floor":47,"enemies":"3 Darklings","damage":21,"turns":4},{"floor":50,"enemies":"Donu and Deca","damage":47,"turns":9}],"potions_obtained":[{"key":"Swift Potion","floor":1},{"key":"DuplicationPotion","floor":7},{"key":"Poison Potion","floor":16},{"key":"Energy Potion","floor":25},{"key":"Fire Potion","floor":31}],"relics_obtained":[{"key":"Letter Opener","floor":8},{"key":"War Paint","floor":9},{"key":"Juzu Bracelet","floor":14},{"key":"Lantern","floor":19},{"key":"Toy Ornithopter","floor":20},{"key":"Shuriken","floor":23},{"key":"Omamori","floor":25},{"key":"Mummified Hand","floor":26},{"key":"Unceasing Top","floor":40},{"key":"Blue Candle","floor":42},{"key":"MealTicket","floor":43}],"campfire_choices":[{"floor":6,"key":"SMITH","data":"Noxious Fumes"},{"floor":10,"key":"REST"},{"floor":15,"key":"REST"},{"floor":24,"key":"REST"},{"floor":27,"key":"REST"},{"floor":32,"key":"REST"},{"floor":41,"key":"REST"},{"floor":49,"key":"REST"}],"circlet_count":0,"win_rate":0,"killed_by":null}