{"gold_per_floor":[116,76,39,39,59,85,97,130,130,130,130,148,173,184,184,282,282,299,299,1,21,35,35,35,67,67,81,108,108,144,158,158,270,270,295,18,18,18,31,31,75,75,145,145,145,145,185,185],"floor_reached":48,"playtime":2691,"items_purged":["Defend_G"],"score":706,"play_id":"0383dc69-7b50-45ce-bad9-1d1e3ca057d0","local_time":"12/15/2024 18:59:37","is_ascension_mode":true,"campfire_choices":[{"data":"Noxious Fumes","floor":10,"key":"SMITH"},{"floor":15,"key":"REST"},{"floor":23,"key":"REST"},{"floor":29,"key":"REST"},{"floor":32,"key":"REST"},{"floor":40,"key":"REST"},{"floor":42,"key":"REST"},{"floor":46,"key":"RECALL"}],"neow_cost":"NONE","seed_source_timestamp":0,"circlet_count":0,"master_deck":["Strike_G","Strike_G","Strike_G","Defend_G","Defend_G+1","Defend_G","Defend_G","Survivor+1","Neutralize","Dagger Throw","Noxious Fumes","Noxious Fumes+1","Cloak And Dagger","Crippling Poison","All Out Attack","Bane","Acrobatics","Dash","Well Laid Plans","Tools of the Trade","Concentrate+1","Eviscerate+1","Expertise+1","Masterful Stab+1","Eviscerate","Corpse Explosion","Deadly Poison+1","Bullet Time","Tactician","Tactician"],"special_seed":0,"relics":["Ring of the Snake","NeowsBlessing","Kunai","War Paint","Gremlin Horn","Eternal Feather","Fusion Hammer","Nilry's Codex","TwistedFunnel","Pen Nib","Unceasing Top","Mango","Letter Opener","MealTicket","CeramicFish","Black Star","Ice Cream","The Courier","Shuriken","Thread and Needle","StrikeDummy"],"potions_floor_usage":[22,25,28,33,39,41,47,47],"damage_taken":[{"damage":0,"enemies":"Cultist","floor":1,"turns":1},{"damage":0,"enemies":"2 Louse","floor":5,"turns":1},{"damage":0,"enemies":"Lagavulin","floor":6,"turns":1},{"damage":1,"enemies":"Jaw Worm","floor":7,"turns":5},{"damage":19,"enemies":"3 Sentries","floor":8,"turns":6},{"damage":8,"enemies":"2 Fungi Beasts","floor":12,"turns":2},{"damage":18,"enemies":"Lagavulin","floor":13,"turns":6},{"damage":0,"enemies":"Red Slaver","floor":14,"turns":5},{"damage":14,"enemies":"Slime Boss","floor":16,"turns":9},{"damage":21,"enemies":"Chosen","floor":18,"turns":6},{"damage":15,"enemies":"Spheric Guardian","floor":21,"turns":6},{"damage":0,"enemies":"Cultist and Chosen","floor":22,"turns":4},{"damage":8,"enemies":"Gremlin Leader","floor":25,"turns":5},{"damage":3,"enemies":"Snake Plant","floor":27,"turns":4},{"damage":20,"enemies":"Book of Stabbing","floor":28,"turns":4},{"damage":0,"enemies":"Slavers","floor":30,"turns":3},{"damage":18,"enemies":"Shelled Parasite and Fungi","floor":31,"turns":4},{"damage":46,"enemies":"Champ","floor":33,"turns":9},{"damage":31,"enemies":"3 Shapes","floor":35,"turns":3},{"damage":29,"enemies":"3 Darklings","floor":39,"turns":3},{"damage":48,"enemies":"Reptomancer","floor":41,"turns":6},{"damage":77,"enemies":"Nemesis","floor":47,"turns":7},{"damage":18,"enemies":"Maw","floor":48,"turns":2}],"seed_played":"-7069847351696367871","potions_obtained":[{"floor":5,"key":"AttackPotion"},{"floor":12,"key":"Weak Potion"},{"floor":13,"key":"EssenceOfSteel"},{"floor":16,"key":"Dexterity Potion"},{"floor":21,"key":"BlessingOfTheForge"},{"floor":22,"key":"Fire Potion"},{"floor":25,"key":"Strength Potion"},{"floor":31,"key":"ColorlessPotion"},{"floor":33,"key":"BlessingOfTheForge"},{"floor":39,"key":"Poison Potion"},{"floor":41,"key":"DuplicationPotion"}],"is_trial":false,"path_per_floor":["M","$","$","?","M","E","M","E","T","R","?","M","E","M","R","B",null,"M","?","$","M","M","R","?","E","T","M","E","R","E","M","R","B",null,"M","$","?","$","M","R","E","R","T","?","T","R","E","M"],"character_chosen":"THE_SILENT","basemod:card_modifiers":[null,null,null,null,null,null,null,null,null,null,null,null,null,null,null,null,null,null,null,null,null,null,null,null,null,null,null,null,null,null],"items_purchased":["Noxious Fumes","Noxious Fumes","TwistedFunnel","Pen Nib","Bullet Time","DistilledChaos"],"campfire_rested":6,"item_purchase_floors":[2,3,20,20,36,36],"current_hp_per_floor":[70,70,70,70,70,70,69,50,50,50,50,42,24,24,57,43,70,49,33,33,18,18,51,51,57,57,54,34,74,74,56,84,38,84,53,68,68,83,54,84,36,76,76,76,76,80,3,0],"gold":185,"neow_bonus":"THREE_ENEMY_KILL","is_prod":false,"is_daily":false,"chose_seed":false,"campfire_upgraded":1,"win_rate":0,"timestamp":1734285577,"path_taken":["M","?","$","?","?","E","M","E","T","R","?","M","E","M","R","BOSS","M","?","$","M","M","R","?","E","T","?","E","R","E","M","R","BOSS","M","$","?","?","?","R","E","R","T","?","?","R","E","M"],"build_version":"2022-12-18","purchased_purges":1,"victory":false,"max_hp_per_floor":[70,70,70,70,70,70,70,70,70,70,70,70,70,70,70,70,70,70,70,70,70,70,70,70,84,84,84,84,84,84,84,84,84,84,84,84,84,84,84,84,84,84,84,80,80,80,80,80],"card_choices":[{"not_picked":["Eviscerate","Dagger Spray"],"picked":"Dagger Throw","floor":1},{"not_picked":["Slice","Quick Slash"],"picked":"Crippling Poison","floor":5},{"not_picked":["Tools of the Trade","Dagger Throw"],"picked":"All Out Attack","floor":6},{"not_picked":["Prepared","Dodge and Roll"],"picked":"Bane","floor":7},{"not_picked":["Slice","Blade Dance"],"picked":"Acrobatics","floor":8},{"not_picked":["Dagger Spray","PiercingWail"],"picked":"Dash","floor":12},{"not_picked":["Glass Knife","Prepared"],"picked":"Well Laid Plans","floor":13},{"not_picked":["Dodge and Roll","Deflect","PiercingWail"],"picked":"SKIP","floor":14},{"not_picked":["Glass Knife","Storm of Steel"],"picked":"Tools of the Trade","floor":16},{"not_picked":["Infinite Blades+1","Backflip"],"picked":"Concentrate+1","floor":18},{"not_picked":["Flying Knee","Prepared"],"picked":"Eviscerate+1","floor":21},{"not_picked":["Quick Slash+1","Setup","Acrobatics"],"picked":"SKIP","floor":22},{"not_picked":["Well Laid Plans","Sucker Punch"],"picked":"Expertise+1","floor":25},{"not_picked":["PiercingWail","Flying Knee","Leg Sweep"],"picked":"SKIP","floor":27},{"not_picked":["Acrobatics","Blade Dance"],"picked":"Masterful Stab+1","floor":28},{"not_picked":["Phantasmal Killer","Flying Knee"],"picked":"Eviscerate","floor":30},{"not_picked":["Dagger Throw","PiercingWail","Calculated Gamble"],"picked":"SKIP","floor":31},{"not_picked":["Malaise","Doppelganger"],"picked":"Corpse Explosion","floor":33},{"not_picked":["Flying Knee","Leg Sweep+1"],"picked":"Deadly Poison+1","floor":35},{"not_picked":["Slice","Dash+1","Calculated Gamble"],"picked":"SKIP","floor":39},{"not_picked":["Acrobatics+1","Choke+1"],"picked":"Tactician","floor":41},{"not_picked":["Accuracy+1","Expertise"],"picked":"Tactician","floor":47}],"player_experience":105805,"relics_obtained":[{"floor":6,"key":"Kunai"},{"floor":8,"key":"War Paint"},{"floor":9,"key":"Gremlin Horn"},{"floor":13,"key":"Eternal Feather"},{"floor":19,"key":"Nilry's Codex"},{"floor":25,"key":"Mango"},{"floor":26,"key":"Letter Opener"},{"floor":28,"key":"MealTicket"},{"floor":30,"key":"CeramicFish"},{"floor":41,"key":"Ice Cream"},{"floor":41,"key":"The Courier"},{"floor":43,"key":"Shuriken"},{"floor":47,"key":"Thread and Needle"},{"floor":47,"key":"StrikeDummy"}],"event_choices":[{"damage_healed":0,"max_hp_gain":0,"max_hp_loss":0,"gold_gain":0,"cards_transformed":["Strike_G"],"event_name":"Transmorgrifier","player_choice":"Transformed","floor":4,"gold_loss":0,"damage_taken":0,"cards_obtained":["Cloak And Dagger"]},{"damage_healed":0,"max_hp_gain":0,"max_hp_loss":0,"gold_gain":0,"event_name":"Liars Game","player_choice":"Ignored","floor":11,"gold_loss":0,"damage_taken":0},{"damage_healed":0,"gold_gain":0,"player_choice":"Obtained Book","damage_taken":16,"max_hp_gain":0,"max_hp_loss":0,"event_name":"Cursed Tome","floor":19,"gold_loss":0},{"damage_healed":0,"gold_gain":0,"player_choice":"Gave Potion","damage_taken":0,"relics_obtained":["Unceasing Top"],"max_hp_gain":0,"max_hp_loss":0,"event_name":"WeMeetAgain","floor":24,"gold_loss":0},{"cards_removed":["Strike_G"],"damage_healed":0,"gold_gain":0,"player_choice":"Card Removal","damage_taken":0,"max_hp_gain":0,"max_hp_loss":0,"event_name":"Wheel of Change","floor":37,"gold_loss":0},{"damage_healed":0,"gold_gain":0,"player_choice":"Max HP","damage_taken":0,"max_hp_gain":0,"max_hp_loss":4,"event_name":"Winding Halls","floor":44,"gold_loss":0}],"is_beta":false,"boss_relics":[{"not_picked":["Empty Cage","Cursed Key"],"picked":"Fusion Hammer"},{"not_picked":["Ring of the Serpent","Calling Bell"],"picked":"Black Star"}],"items_purged_floors":[36],"is_endless":false,"potions_floor_spawned":[5,12,13,16,21,22,25,31,33,39,41],"killed_by":"Maw","ascension_level":3}