{"gold_per_floor":[109,184,184,29,47,81,94,125,125,140,157,157],"floor_reached":12,"playtime":330,"items_purged":[],"score":132,"play_id":"34069300-f7c4-45f5-8e21-acf258efeec6","local_time":"12/16/2024 15:45:46","is_ascension_mode":true,"campfire_choices":[],"neow_cost":"NONE","seed_source_timestamp":409551842928600,"circlet_count":0,"master_deck":["Strike_G","Strike_G","Strike_G","Strike_G","Strike_G","Defend_G","Defend_G","Defend_G","Defend_G","Defend_G","Survivor","Neutralize","Tactician","Poisoned Stab","Outmaneuver","Skewer","Storm of Steel","Deadly Poison","PiercingWail"],"special_seed":0,"relics":["Ring of the Snake","NeowsBlessing","Orichalcum","Frozen Eye","Gremlin Horn","Art of War","Boot"],"potions_floor_usage":[10],"damage_taken":[{"damage":0,"enemies":"Small Slimes","floor":1,"turns":1},{"damage":0,"enemies":"Jaw Worm","floor":5,"turns":1},{"damage":0,"enemies":"Gremlin Nob","floor":6,"turns":1},{"damage":5,"enemies":"Cultist","floor":7,"turns":5},{"damage":41,"enemies":"Lagavulin","floor":8,"turns":9},{"damage":0,"enemies":"Lots of Slimes","floor":10,"turns":2},{"damage":5,"enemies":"Looter","floor":11,"turns":4}],"seed_played":"7599369384526511219","potions_obtained":[{"floor":8,"key":"CunningPotion"},{"floor":11,"key":"SkillPotion"}],"is_trial":false,"path_per_floor":["M","?","?","$","M","E","M","E","T","M","M","?"],"character_chosen":"THE_SILENT","basemod:card_modifiers":[null,null,null,null,null,null,null,null,null,null,null,null,null,null,null,null,null,null,null],"items_purchased":["Frozen Eye"],"campfire_rested":0,"item_purchase_floors":[4],"current_hp_per_floor":[70,59,52,52,52,52,47,6,6,6,1,0],"gold":157,"neow_bonus":"THREE_ENEMY_KILL","is_prod":false,"is_daily":false,"chose_seed":false,"campfire_upgraded":0,"win_rate":0,"timestamp":1734360346,"path_taken":["M","?","?","?","?","E","M","E","T","M","?","?"],"build_version":"2022-12-18","purchased_purges":0,"victory":false,"max_hp_per_floor":[70,70,70,70,70,70,70,70,70,70,70,70],"card_choices":[{"not_picked":["PiercingWail","Blur"],"picked":"Tactician","floor":1},{"not_picked":["Deflect","Acrobatics"],"picked":"Poisoned Stab","floor":5},{"not_picked":["Backflip","Well Laid Plans"],"picked":"Outmaneuver","floor":6},{"not_picked":["Blade Dance","Deflect"],"picked":"Skewer","floor":7},{"not_picked":["Flechettes","Cloak And Dagger"],"picked":"Storm of Steel","floor":8},{"not_picked":["Quick Slash","Blur"],"picked":"Deadly Poison","floor":10},{"not_picked":["Dagger Spray","Backflip"],"picked":"PiercingWail","floor":11}],"player_experience":108496,"relics_obtained":[{"floor":6,"key":"Gremlin Horn"},{"floor":8,"key":"Art of War"},{"floor":9,"key":"Boot"}],"event_choices":[{"damage_healed":0,"max_hp_gain":0,"max_hp_loss":0,"gold_gain":75,"event_name":"World of Goop","player_choice":"Gather Gold","floor":2,"gold_loss":0,"damage_taken":11},{"damage_healed":0,"max_hp_gain":0,"max_hp_loss":0,"gold_gain":0,"event_name":"Scrap Ooze","player_choice":"Success","floor":3,"gold_loss":0,"damage_taken":7,"relics_obtained":["Orichalcum"]}],"is_beta":false,"boss_relics":[],"items_purged_floors":[],"is_endless":false,"potions_floor_spawned":[8,11],"ascension_level":3}