{"play_id":"924c6b0e-597e-4e14-b015-5ce533994fe9","build_version":"2020-01-27","seed_played":"-5825384599509054748","chose_seed":false,"seed_source_timestamp":1506825759835,"is_daily":false,"special_seed":null,"is_trial":false,"is_endless":false,"is_ascension_mode":true,"ascension_level":3,"neow_bonus":"BOSS_RELIC","neow_cost":"NONE","is_beta":false,"is_prod":false,"victory":false,"floor_reached":33,"score":316,"timestamp":1734780048,"local_time":"12/21/2024 11:20:48","playtime":1908,"player_experience":110114,"master_deck":["Strike_G","Strike_G","Defend_G","Defend_G","Defend_G","Defend_G","Survivor","Neutralize","Bouncing Flask","Terror","Flechettes+1","Finisher","Slice","Burst","Backstab","Deadly Poison","Calculated Gamble","Deadly Poison","Venomology","Footwork+1","Outmaneuver+1","Bouncing Flask","Catalyst","Poisoned Stab+1","Deadly Poison+1","Riddle With Holes+1","Quick Slash+1","Infinite Blades+1"],"relics":["Runic Pyramid","PreservedInsect","Dream Catcher","Frozen Egg 2","CeramicFish","SacredBark","Red Mask","Lantern","Bronze Scales","MutagenicStrength","Omamori","Tiny Chest"],"gold":99,"campfire_rested":6,"campfire_upgraded":1,"purchased_purges":2,"potions_floor_spawned":[1,4,8,11,13,18,20,29],"potions_floor_usage":[11,16,16,16,16,18,19,19,19,19,20,20,20,20,24,29,30,30],"current_hp_per_floor":[69,69,69,69,69,52,52,52,52,43,26,47,31,30,51,15,70,54,42,16,16,16,37,11,32,32,53,53,53,59,33,54,0],"max_hp_per_floor":[70,70,70,70,70,70,70,70,70,70,70,70,70,70,70,70,70,70,70,70,70,70,70,70,70,70,70,70,70,70,70,70,70],"gold_per_floor":[111,61,61,75,75,103,103,123,147,165,200,200,212,277,286,397,397,417,433,467,44,44,53,80,89,115,115,15,30,55,90,99,99],"path_per_floor":["M","?","$","M","?","E","R","M","T","M","E","R","M","?","R","B",null,"M","M","?","$","?","R","M","R","T","R","$","M","M","E","R","B"],"path_taken":["M","?","$","M","?","E","R","M","T","?","E","R","M","?","R","BOSS","M","M","?","$","?","R","M","R","T","R","?","M","?","E","R","BOSS"],"items_purchased":["Lantern","Bronze Scales","Bouncing Flask"],"item_purchase_floors":[21,21,21],"items_purged":["Strike_G","Strike_G"],"items_purged_floors":[21,28],"character_chosen":"THE_SILENT","card_choices":[{"picked":"Bouncing Flask","not_picked":["Caltrops","Backflip"],"floor":1},{"picked":"Terror","not_picked":["Skewer","Outmaneuver"],"floor":4},{"picked":"Finisher","not_picked":["Deadly Poison","Calculated Gamble"],"floor":6},{"picked":"Slice","not_picked":["PiercingWail","Deflect"],"floor":8},{"picked":"Burst","not_picked":["Sucker Punch","Reflex"],"floor":10},{"picked":"Backstab","not_picked":["Terror","Choke"],"floor":11},{"picked":"Deadly Poison","not_picked":["Well Laid Plans+1","Expertise"],"floor":12},{"picked":"Calculated Gamble","not_picked":["Blade Dance","Terror"],"floor":13},{"picked":"Deadly Poison","not_picked":["Cloak And Dagger","Dodge and Roll"],"floor":15},{"picked":"Venomology","not_picked":["Night Terror","A Thousand Cuts+1"],"floor":16},{"picked":"Footwork+1","not_picked":["Quick Slash","Dagger Spray"],"floor":18},{"picked":"SKIP","not_picked":["Dagger Throw+1","Dodge and Roll+1","Blade Dance"],"floor":19},{"picked":"Outmaneuver+1","not_picked":["Underhanded Strike","Grand Finale"],"floor":20},{"picked":"Catalyst","not_picked":["Distraction","Cloak And Dagger"],"floor":23},{"picked":"Poisoned Stab+1","not_picked":["Heel Hook","Dagger Spray+1"],"floor":24},{"picked":"Deadly Poison+1","not_picked":["Setup","Underhanded Strike"],"floor":25},{"picked":"SKIP","not_picked":["Dagger Throw","Phantasmal Killer","Flechettes"],"floor":29},{"picked":"Riddle With Holes+1","not_picked":["Quick Slash","Deflect"],"floor":30},{"picked":"Quick Slash+1","not_picked":["Acrobatics","Dodge and Roll+1"],"floor":31},{"picked":"Infinite Blades+1","not_picked":["Dagger Throw","Bouncing Flask"],"floor":32}],"event_choices":[{"event_name":"The Cleric","player_choice":"Card Removal","floor":2,"cards_obtained":null,"cards_removed":["Defend_G"],"cards_transformed":null,"cards_upgraded":null,"relics_obtained":null,"potions_obtained":null,"relics_lost":null,"damage_taken":0,"damage_healed":0,"max_hp_loss":0,"max_hp_gain":0,"gold_gain":0,"gold_loss":50},{"event_name":"Transmorgrifier","player_choice":"Transformed","floor":5,"cards_obtained":["Flechettes"],"cards_removed":null,"cards_transformed":["Strike_G"],"cards_upgraded":null,"relics_obtained":null,"potions_obtained":null,"relics_lost":null,"damage_taken":0,"damage_healed":0,"max_hp_loss":0,"max_hp_gain":0,"gold_gain":0,"gold_loss":0},{"event_name":"Dead Adventurer","player_choice":"Searched '2' times","floor":14,"cards_obtained":null,"cards_removed":null,"cards_transformed":null,"cards_upgraded":null,"relics_obtained":null,"potions_obtained":null,"relics_lost":null,"damage_taken":0,"damage_healed":0,"max_hp_loss":0,"max_hp_gain":0,"gold_gain":30,"gold_loss":0},{"event_name":"Masked Bandits","player_choice":"Fought Bandits","floor":20,"cards_obtained":null,"cards_removed":null,"cards_transformed":null,"cards_upgraded":null,"relics_obtained":null,"potions_obtained":null,"relics_lost":null,"damage_taken":0,"damage_healed":0,"max_hp_loss":0,"max_hp_gain":0,"gold_gain":0,"gold_loss":0},{"event_name":"Drug Dealer","player_choice":"Inject Mutagens","floor":22,"cards_obtained":null,"cards_removed":null,"cards_transformed":null,"cards_upgraded":null,"relics_obtained":["MutagenicStrength"],"potions_obtained":null,"relics_lost":null,"damage_taken":0,"damage_healed":0,"max_hp_loss":0,"max_hp_gain":0,"gold_gain":0,"gold_loss":0}],"boss_relics":[{"picked":"SacredBark","not_picked":["Sozu","Black Star"]}],"damage_taken":[{"floor":1,"enemies":"2 Louse","damage":1,"turns":3},{"floor":4,"enemies":"Jaw Worm","damage":0,"turns":4},{"floor":6,"enemies":"Gremlin Nob","damage":17,"turns":4},{"floor":8,"enemies":"Cultist","damage":0,"turns":3},{"floor":10,"enemies":"Blue Slaver","damage":9,"turns":4},{"floor":11,"enemies":"3 Sentries","damage":17,"turns":6},{"floor":13,"enemies":"Exordium Wildlife","damage":16,"turns":4},{"floor":14,"enemies":"Gremlin Nob","damage":1,"turns":3},{"floor":16,"enemies":"Slime Boss","damage":36,"turns":10},{"floor":18,"enemies":"3 Byrds","damage":16,"turns":5},{"floor":19,"enemies":"Shell Parasite","damage":12,"turns":5},{"floor":20,"enemies":"Masked Bandits","damage":26,"turns":4},{"floor":24,"enemies":"Centurion and Healer","damage":26,"turns":7},{"floor":29,"enemies":"Cultist and Chosen","damage":0,"turns":4},{"floor":30,"enemies":"Shelled Parasite and Fungi","damage":21,"turns":3},{"floor":31,"enemies":"Book of Stabbing","damage":26,"turns":4},{"floor":33,"enemies":"Collector","damage":56,"turns":5}],"potions_obtained":[{"key":"Energy Potion","floor":1},{"key":"Energy Potion","floor":4},{"key":"EntropicBrew","floor":8},{"key":"GamblersBrew","floor":11},{"key":"ColorlessPotion","floor":13},{"key":"BlessingOfTheForge","floor":18},{"key":"DuplicationPotion","floor":20},{"key":"LiquidMemories","floor":29}],"relics_obtained":[{"key":"PreservedInsect","floor":6},{"key":"Dream Catcher","floor":9},{"key":"Frozen Egg 2","floor":11},{"key":"CeramicFish","floor":14},{"key":"Red Mask","floor":20},{"key":"Omamori","floor":26},{"key":"Tiny Chest","floor":31}],"campfire_choices":[{"floor":7,"key":"SMITH","data":"Flechettes"},{"floor":12,"key":"REST"},{"floor":15,"key":"REST"},{"floor":23,"key":"REST"},{"floor":25,"key":"REST"},{"floor":27,"key":"REST"},{"floor":32,"key":"REST"}],"circlet_count":0,"win_rate":0,"killed_by":"Collector"}