{"play_id":"7169fec8-94c9-41dd-b26a-63bc61a9d6e4","build_version":"2020-01-27","seed_played":"-5384184698165762572","chose_seed":false,"seed_source_timestamp":0,"is_daily":false,"special_seed":0,"is_trial":false,"is_endless":false,"is_ascension_mode":true,"ascension_level":4,"neow_bonus":"THREE_RARE_CARDS","neow_cost":"CURSE","is_beta":false,"is_prod":false,"victory":true,"floor_reached":51,"score":1031,"timestamp":1735401729,"local_time":"12/28/2024 16:02:09","playtime":2703,"player_experience":125047,"master_deck":["Strike_G","Strike_G","Strike_G","Strike_G","Defend_G","Defend_G","Defend_G","Defend_G","Survivor","Neutralize","Corpse Explosion","Crippling Poison+1","Backflip","Venomology","Noxious Fumes+1","Venomology+1","Adrenaline+1","Leg Sweep+1","Catalyst+1","Poisoned Stab","Dramatic Entrance","Burst","Adrenaline","Crippling Poison+1","Concentrate+1","Clumsy","Deadly Poison","Injury"],"relics":["Ring of the Snake","Centennial Puzzle","HornCleat","Darkstone Periapt","StrikeDummy","Blue Candle","Tingsha","Mango","Cursed Key","Nilry's Codex","Orichalcum","Toy Ornithopter","Ninja Scroll","Strawberry","Akabeko","MawBank","SacredBark","Snake Skull","TwistedFunnel","Sundial","Torii","Bronze Scales","Vajra","Red Mask"],"gold":0,"campfire_rested":4,"campfire_upgraded":5,"purchased_purges":2,"potions_floor_spawned":[1,11,13,19,25,29,31,33,41,44,45],"potions_floor_usage":[44,45,45,45,50,50,50,50],"current_hp_per_floor":[64,64,59,52,52,32,52,33,33,53,53,53,46,60,81,75,81,79,75,59,59,59,54,54,70,83,73,73,60,88,82,82,67,94,94,91,91,91,91,89,94,94,100,96,100,100,106,106,106,78],"max_hp_per_floor":[70,67,67,67,67,67,67,67,67,67,67,67,67,81,81,81,81,81,81,81,81,81,81,81,81,94,94,94,94,94,94,94,94,94,94,94,94,94,94,94,94,94,100,100,100,100,106,106,106,106],"gold_per_floor":[111,61,81,81,81,114,114,141,141,141,160,160,194,224,224,328,328,347,360,360,36,36,69,69,96,146,173,89,106,106,131,143,260,272,298,325,43,43,56,83,99,99,99,110,138,38,62,0,0,0],"path_per_floor":["M","?","M","?","T","E","R","E","T","R","M","R","E","?","R","B","ul","M","M","?","$","?","E","R","E","T","E","$","M","R","E","R","B","ul","M","M","$","?","M","E","M","R","T","M","E","$","T","?","R","B",null],"path_taken":["M","?","M","?","?","E","R","E","T","R","M","R","E","?","R","BOSS","M","M","?","$","?","E","R","E","T","E","$","M","R","E","R","BOSS","M","M","?","?","M","E","M","R","T","M","E","$","?","?","R","BOSS"],"items_purchased":["Catalyst","Orichalcum","Poisoned Stab","Dramatic Entrance","Snake Skull","TwistedFunnel"],"item_purchase_floors":[21,21,21,28,37,37],"items_purged":["Strike_G","Defend_G"],"items_purged_floors":[21,46],"character_chosen":"THE_SILENT","card_choices":[{"picked":"Corpse Explosion","not_picked":["Grand Finale","Die Die Die"],"floor":0},{"picked":"Crippling Poison","not_picked":["Acrobatics","Backflip"],"floor":1},{"picked":"Backflip","not_picked":["Tactician","Masterful Stab"],"floor":3},{"picked":"Venomology","not_picked":["Infinite Blades","Accuracy"],"floor":6},{"picked":"SKIP","not_picked":["Accuracy","Choke","PiercingWail"],"floor":8},{"picked":"Noxious Fumes","not_picked":["Underhanded Strike","Blur"],"floor":11},{"picked":"Venomology","not_picked":["Reflex","Footwork"],"floor":13},{"picked":"Adrenaline","not_picked":["Night Terror","Venomology"],"floor":16},{"picked":"SKIP","not_picked":["Expertise","Caltrops","Deflect"],"floor":18},{"picked":"Leg Sweep+1","not_picked":["Eviscerate","Backflip"],"floor":19},{"picked":"SKIP","not_picked":["Reflex","Outmaneuver","Dash"],"floor":23},{"picked":"SKIP","not_picked":["Prepared","Blade Dance","Expertise+1"],"floor":25},{"picked":"SKIP","not_picked":["Cloak And Dagger","Infinite Blades","Leg Sweep"],"floor":27},{"picked":"SKIP","not_picked":["Deflect","PiercingWail","Tactician"],"floor":29},{"picked":"Burst","not_picked":["Dagger Spray+1","Blur"],"floor":31},{"picked":"Adrenaline","not_picked":["A Thousand Cuts","Glass Knife"],"floor":33},{"picked":"SKIP","not_picked":["Expertise+1","Prepared","All Out Attack+1"],"floor":35},{"picked":"Crippling Poison+1","not_picked":["Quick Slash","PiercingWail"],"floor":36},{"picked":"Concentrate+1","not_picked":["Acrobatics","Prepared"],"floor":39},{"picked":"SKIP","not_picked":["Slice+1","Distraction","Acrobatics+1"],"floor":40},{"picked":"SKIP","not_picked":["All Out Attack","Escape Plan","Choke+1"],"floor":41},{"picked":"Deadly Poison","not_picked":["Deflect","Poisoned Stab+1"],"floor":44},{"picked":"SKIP","not_picked":["Poisoned Stab","Prepared","Accuracy+1"],"floor":45}],"event_choices":[{"event_name":"The Cleric","player_choice":"Card Removal","floor":2,"cards_obtained":null,"cards_removed":["Parasite"],"cards_transformed":null,"cards_upgraded":null,"relics_obtained":null,"potions_obtained":null,"relics_lost":null,"damage_taken":0,"damage_healed":0,"max_hp_loss":0,"max_hp_gain":0,"gold_gain":0,"gold_loss":50},{"event_name":"Scrap Ooze","player_choice":"Success","floor":4,"cards_obtained":null,"cards_removed":null,"cards_transformed":null,"cards_upgraded":null,"relics_obtained":["Centennial Puzzle"],"potions_obtained":null,"relics_lost":null,"damage_taken":7,"damage_healed":0,"max_hp_loss":0,"max_hp_gain":0,"gold_gain":0,"gold_loss":0},{"event_name":"Dead Adventurer","player_choice":"Searched '3' times","floor":14,"cards_obtained":null,"cards_removed":null,"cards_transformed":null,"cards_upgraded":null,"relics_obtained":["Mango"],"potions_obtained":null,"relics_lost":null,"damage_taken":0,"damage_healed":0,"max_hp_loss":0,"max_hp_gain":0,"gold_gain":30,"gold_loss":0},{"event_name":"Cursed Tome","player_choice":"Obtained Book","floor":20,"cards_obtained":null,"cards_removed":null,"cards_transformed":null,"cards_upgraded":null,"relics_obtained":null,"potions_obtained":null,"relics_lost":null,"damage_taken":16,"damage_healed":0,"max_hp_loss":0,"max_hp_gain":0,"gold_gain":0,"gold_loss":0},{"event_name":"Lab","player_choice":"Got Potions","floor":22,"cards_obtained":null,"cards_removed":null,"cards_transformed":null,"cards_upgraded":null,"relics_obtained":null,"potions_obtained":null,"relics_lost":null,"damage_taken":0,"damage_healed":0,"max_hp_loss":0,"max_hp_gain":0,"gold_gain":0,"gold_loss":0},{"event_name":"Fountain of Cleansing","player_choice":"Removed Curses","floor":38,"cards_obtained":null,"cards_removed":["Regret"],"cards_transformed":null,"cards_upgraded":null,"relics_obtained":null,"potions_obtained":null,"relics_lost":null,"damage_taken":0,"damage_healed":0,"max_hp_loss":0,"max_hp_gain":0,"gold_gain":0,"gold_loss":0},{"event_name":"Tomb of Lord Red Mask","player_choice":"Paid","floor":48,"cards_obtained":null,"cards_removed":null,"cards_transformed":null,"cards_upgraded":null,"relics_obtained":["Red Mask"],"potions_obtained":null,"relics_lost":null,"damage_taken":0,"damage_healed":0,"max_hp_loss":0,"max_hp_gain":0,"gold_gain":0,"gold_loss":62}],"boss_relics":[{"picked":"Cursed Key","not_picked":["Snecko Eye","WristBlade"]},{"picked":"SacredBark","not_picked":["HoveringKite","Philosopher's Stone"]}],"damage_taken":[{"floor":1,"enemies":"2 Louse","damage":6,"turns":2},{"floor":3,"enemies":"Jaw Worm","damage":5,"turns":5},{"floor":6,"enemies":"Gremlin Nob","damage":20,"turns":5},{"floor":8,"enemies":"3 Sentries","damage":19,"turns":6},{"floor":11,"enemies":"Cultist","damage":0,"turns":4},{"floor":13,"enemies":"Lagavulin","damage":7,"turns":6},{"floor":16,"enemies":"Hexaghost","damage":6,"turns":9},{"floor":18,"enemies":"Chosen","damage":2,"turns":5},{"floor":19,"enemies":"Shell Parasite","damage":4,"turns":5},{"floor":23,"enemies":"Book of Stabbing","damage":5,"turns":4},{"floor":25,"enemies":"Gremlin Leader","damage":6,"turns":5},{"floor":27,"enemies":"Slavers","damage":25,"turns":3},{"floor":29,"enemies":"Snake Plant","damage":18,"turns":2},{"floor":31,"enemies":"Book of Stabbing","damage":16,"turns":7},{"floor":33,"enemies":"Champ","damage":25,"turns":7},{"floor":35,"enemies":"3 Darklings","damage":1,"turns":2},{"floor":36,"enemies":"Orb Walker","damage":3,"turns":3},{"floor":39,"enemies":"Jaw Worm Horde","damage":0,"turns":1},{"floor":40,"enemies":"Nemesis","damage":5,"turns":3},{"floor":41,"enemies":"3 Darklings","damage":0,"turns":1},{"floor":44,"enemies":"Spire Growth","damage":5,"turns":3},{"floor":45,"enemies":"Giant Head","damage":0,"turns":4},{"floor":50,"enemies":"Awakened One","damage":60,"turns":8}],"potions_obtained":[{"key":"SmokeBomb","floor":1},{"key":"SpeedPotion","floor":19},{"key":"FairyPotion","floor":22},{"key":"Dexterity Potion","floor":22},{"key":"FearPotion","floor":25},{"key":"Swift Potion","floor":29},{"key":"Poison Potion","floor":31},{"key":"Poison Potion","floor":33},{"key":"Energy Potion","floor":44},{"key":"Explosive Potion","floor":45}],"relics_obtained":[{"key":"HornCleat","floor":5},{"key":"Darkstone Periapt","floor":6},{"key":"StrikeDummy","floor":8},{"key":"Blue Candle","floor":9},{"key":"Tingsha","floor":13},{"key":"Nilry's Codex","floor":20},{"key":"Toy Ornithopter","floor":23},{"key":"Ninja Scroll","floor":25},{"key":"Strawberry","floor":26},{"key":"Akabeko","floor":27},{"key":"MawBank","floor":31},{"key":"Sundial","floor":40},{"key":"Torii","floor":43},{"key":"Bronze Scales","floor":45},{"key":"Vajra","floor":47}],"campfire_choices":[{"floor":7,"key":"REST"},{"floor":10,"key":"REST"},{"floor":12,"key":"SMITH","data":"Noxious Fumes"},{"floor":15,"key":"REST"},{"floor":24,"key":"SMITH","data":"Catalyst"},{"floor":30,"key":"REST"},{"floor":32,"key":"SMITH","data":"Adrenaline"},{"floor":42,"key":"SMITH","data":"Venomology"},{"floor":49,"key":"SMITH","data":"Crippling Poison"}],"circlet_count":0,"win_rate":0,"killed_by":null}