{"play_id":"7fba37a8-5727-47d0-9f78-533ac751276a","build_version":"2020-01-27","seed_played":"3548504054021397936","chose_seed":false,"seed_source_timestamp":0,"is_daily":false,"special_seed":0,"is_trial":false,"is_endless":false,"is_ascension_mode":true,"ascension_level":3,"neow_bonus":"THREE_ENEMY_KILL","neow_cost":"NONE","is_beta":false,"is_prod":false,"victory":false,"floor_reached":55,"score":980,"timestamp":1735135302,"local_time":"12/25/2024 14:01:42","playtime":2858,"player_experience":118589,"master_deck":["Strike_G","Strike_G","Strike_G","Defend_G+1","Defend_G","Defend_G","Survivor","Neutralize","Underhanded Strike","Blade Dance","Prepared","Outmaneuver","Finisher","Acrobatics","Skewer+1","Acrobatics","Expertise+1","Die Die Die+1","Dagger Throw+1","RitualDagger+1","Slice+1","Backstab+1","Accuracy+1","Cloak And Dagger","Sucker Punch+1","After Image","Dagger Throw+1","Dramatic Entrance+1","Prepared+1","Underhanded Strike+1","Blade Dance","Blade Dance+1","Quick Slash+1"],"relics":["Ring of the Snake","NeowsBlessing","Vajra","Ancient Tea Set","Molten Egg 2","Sling","Fusion Hammer","Red Mask","War Paint","Mango","MawBank","MutagenicStrength","HoveringKite","Gremlin Horn","Bronze Scales","Happy Flower","Toy Ornithopter","Frozen Eye","The Courier","Akabeko"],"gold":46,"campfire_rested":8,"campfire_upgraded":0,"purchased_purges":3,"potions_floor_spawned":[8,10,11,16,18,29,30,35,39,41],"potions_floor_usage":[55,55],"current_hp_per_floor":[70,70,70,70,70,36,32,28,28,26,13,13,6,6,27,18,70,50,50,44,42,36,57,45,66,80,73,73,73,73,73,73,53,84,68,63,63,54,42,67,67,84,84,84,79,79,79,79,84,38,84,84,84,69,0],"max_hp_per_floor":[70,70,70,70,70,70,70,70,70,70,70,70,70,70,70,70,70,70,70,70,70,70,70,70,70,84,84,84,84,84,84,84,84,84,84,84,84,84,84,84,84,84,84,84,84,84,84,84,84,84,84,84,84,84,84],"gold_per_floor":[115,115,130,105,123,155,170,184,233,248,273,32,32,32,32,136,136,150,150,150,160,193,193,227,227,227,254,266,288,312,339,351,458,470,501,531,543,568,598,610,655,667,679,691,738,131,131,163,163,163,163,163,21,46,46],"path_per_floor":["M","?","M","$","M","E","M","M","T","M","E","$","?","?","R","B","ul","M","?","?","M","?","R","E","R","T","E","?","M","M","M","R","B","ul","M","M","?","M","M","R","E","R","T","R","E","$","?","E","R","B","ul","R","$","E","B"],"path_taken":["M","?","M","$","M","E","M","M","T","?","E","$","?","?","R","BOSS","M","?","?","M","?","R","E","R","T","E","?","M","?","?","R","BOSS","M","?","?","M","M","R","E","R","T","R","E","$","?","E","R","BOSS","R","$","E","BOSS"],"items_purchased":["Blade Dance","Sling","Acrobatics","Happy Flower","Toy Ornithopter","Frozen Eye","Energy Potion","Strength Potion"],"item_purchase_floors":[4,12,12,46,46,46,46,53],"items_purged":["Strike_G","Footwork","Defend_G"],"items_purged_floors":[12,46,53],"character_chosen":"THE_SILENT","card_choices":[{"picked":"Infinite Blades","not_picked":["Poisoned Stab","Choke"],"floor":1},{"picked":"Underhanded Strike","not_picked":["Flying Knee","Dagger Throw"],"floor":3},{"picked":"Prepared","not_picked":["Sucker Punch","Dodge and Roll"],"floor":5},{"picked":"Outmaneuver","not_picked":["Corpse Explosion","Flying Knee"],"floor":6},{"picked":"Finisher","not_picked":["Leg Sweep","Expertise"],"floor":7},{"picked":"SKIP","not_picked":["Acrobatics","Slice","Expertise"],"floor":8},{"picked":"Acrobatics","not_picked":["Caltrops","Escape Plan"],"floor":10},{"picked":"Skewer+1","not_picked":["Prepared","Bouncing Flask"],"floor":11},{"picked":"Die Die Die+1","not_picked":["Adrenaline","Corpse Explosion"],"floor":16},{"picked":"Dagger Throw+1","not_picked":["Tactician","Escape Plan"],"floor":18},{"picked":"Slice+1","not_picked":["Bane+1","Catalyst+1"],"floor":21},{"picked":"Backstab+1","not_picked":["Dodge and Roll","Prepared"],"floor":24},{"picked":"SKIP","not_picked":["Poisoned Stab+1","Distraction","Deflect"],"floor":27},{"picked":"Accuracy+1","not_picked":["Backflip","Blade Dance"],"floor":29},{"picked":"Cloak And Dagger","not_picked":["Acrobatics","Tactician"],"floor":30},{"picked":"Sucker Punch+1","not_picked":["Underhanded Strike+1","Poisoned Stab+1"],"floor":31},{"picked":"After Image","not_picked":["Tools of the Trade","Doppelganger"],"floor":33},{"picked":"Footwork","not_picked":["Caltrops","Dagger Throw+1"],"floor":35},{"picked":"Dagger Throw+1","not_picked":["Noxious Fumes","Dagger Spray+1"],"floor":36},{"picked":"Dramatic Entrance+1","not_picked":["Bandage Up","Mind Blast+1"],"floor":37},{"picked":"Prepared+1","not_picked":["Deadly Poison+1","Footwork+1"],"floor":38},{"picked":"Underhanded Strike+1","not_picked":["Wraith Form v2","Dodge and Roll"],"floor":39},{"picked":"Blade Dance","not_picked":["Dagger Throw+1","Prepared+1"],"floor":41},{"picked":"SKIP","not_picked":["Dodge and Roll+1","Dagger Throw+1","Blur+1"],"floor":45},{"picked":"Blade Dance+1","not_picked":["Dodge and Roll","Sucker Punch+1"],"floor":48},{"picked":"Quick Slash+1","not_picked":["Poisoned Stab+1","Setup"],"floor":54}],"event_choices":[{"event_name":"The Woman in Blue","player_choice":"Bought 0 Potions","floor":2,"cards_obtained":null,"cards_removed":null,"cards_transformed":null,"cards_upgraded":null,"relics_obtained":null,"potions_obtained":null,"relics_lost":null,"damage_taken":0,"damage_healed":0,"max_hp_loss":0,"max_hp_gain":0,"gold_gain":0,"gold_loss":0},{"event_name":"Golden Wing","player_choice":"Card Removal","floor":13,"cards_obtained":null,"cards_removed":["Defend_G"],"cards_transformed":null,"cards_upgraded":null,"relics_obtained":null,"potions_obtained":null,"relics_lost":null,"damage_taken":7,"damage_healed":0,"max_hp_loss":0,"max_hp_gain":0,"gold_gain":0,"gold_loss":0},{"event_name":"Living Wall","player_choice":"Change","floor":14,"cards_obtained":["Expertise"],"cards_removed":null,"cards_transformed":["Strike_G"],"cards_upgraded":null,"relics_obtained":null,"potions_obtained":null,"relics_lost":null,"damage_taken":0,"damage_healed":0,"max_hp_loss":0,"max_hp_gain":0,"gold_gain":0,"gold_loss":0},{"event_name":"Ghosts","player_choice":"Ignored","floor":19,"cards_obtained":null,"cards_removed":null,"cards_transformed":null,"cards_upgraded":null,"relics_obtained":null,"potions_obtained":null,"relics_lost":null,"damage_taken":0,"damage_healed":0,"max_hp_loss":0,"max_hp_gain":0,"gold_gain":0,"gold_loss":0},{"event_name":"Nest","player_choice":"Joined the Cult","floor":20,"cards_obtained":["RitualDagger"],"cards_removed":null,"cards_transformed":null,"cards_upgraded":null,"relics_obtained":null,"potions_obtained":null,"relics_lost":null,"damage_taken":6,"damage_healed":0,"max_hp_loss":0,"max_hp_gain":0,"gold_gain":0,"gold_loss":0},{"event_name":"Masked Bandits","player_choice":"Fought Bandits","floor":22,"cards_obtained":null,"cards_removed":null,"cards_transformed":null,"cards_upgraded":null,"relics_obtained":null,"potions_obtained":null,"relics_lost":null,"damage_taken":0,"damage_healed":0,"max_hp_loss":0,"max_hp_gain":0,"gold_gain":0,"gold_loss":0},{"event_name":"Drug Dealer","player_choice":"Inject Mutagens","floor":28,"cards_obtained":null,"cards_removed":null,"cards_transformed":null,"cards_upgraded":null,"relics_obtained":["MutagenicStrength"],"potions_obtained":null,"relics_lost":null,"damage_taken":0,"damage_healed":0,"max_hp_loss":0,"max_hp_gain":0,"gold_gain":0,"gold_loss":0},{"event_name":"SensoryStone","player_choice":"Memory 1","floor":37,"cards_obtained":null,"cards_removed":null,"cards_transformed":null,"cards_upgraded":null,"relics_obtained":null,"potions_obtained":null,"relics_lost":null,"damage_taken":0,"damage_healed":0,"max_hp_loss":0,"max_hp_gain":0,"gold_gain":0,"gold_loss":0},{"event_name":"Falling","player_choice":"Removed Power","floor":47,"cards_obtained":null,"cards_removed":["Infinite Blades"],"cards_transformed":null,"cards_upgraded":null,"relics_obtained":null,"potions_obtained":null,"relics_lost":null,"damage_taken":0,"damage_healed":0,"max_hp_loss":0,"max_hp_gain":0,"gold_gain":0,"gold_loss":0}],"boss_relics":[{"picked":"Fusion Hammer","not_picked":["Sozu","SacredBark"]},{"picked":"HoveringKite","not_picked":["Astrolabe","Ring of the Serpent"]}],"damage_taken":[{"floor":1,"enemies":"2 Louse","damage":0,"turns":1},{"floor":3,"enemies":"Cultist","damage":0,"turns":1},{"floor":5,"enemies":"Small Slimes","damage":0,"turns":1},{"floor":6,"enemies":"3 Sentries","damage":34,"turns":7},{"floor":7,"enemies":"Exordium Thugs","damage":4,"turns":3},{"floor":8,"enemies":"Looter","damage":4,"turns":3},{"floor":10,"enemies":"2 Fungi Beasts","damage":2,"turns":3},{"floor":11,"enemies":"Lagavulin","damage":13,"turns":5},{"floor":16,"enemies":"Hexaghost","damage":9,"turns":7},{"floor":18,"enemies":"3 Byrds","damage":20,"turns":3},{"floor":21,"enemies":"Chosen","damage":2,"turns":3},{"floor":22,"enemies":"Masked Bandits","damage":6,"turns":3},{"floor":24,"enemies":"Gremlin Leader","damage":12,"turns":2},{"floor":27,"enemies":"Slavers","damage":7,"turns":3},{"floor":29,"enemies":"Snake Plant","damage":0,"turns":1},{"floor":30,"enemies":"Sentry and Sphere","damage":0,"turns":2},{"floor":31,"enemies":"3 Cultists","damage":0,"turns":3},{"floor":33,"enemies":"Collector","damage":20,"turns":4},{"floor":35,"enemies":"3 Darklings","damage":16,"turns":3},{"floor":36,"enemies":"3 Shapes","damage":5,"turns":3},{"floor":38,"enemies":"Writhing Mass","damage":9,"turns":3},{"floor":39,"enemies":"4 Shapes","damage":12,"turns":3},{"floor":41,"enemies":"Reptomancer","damage":0,"turns":2},{"floor":45,"enemies":"Giant Head","damage":5,"turns":5},{"floor":48,"enemies":"Reptomancer","damage":0,"turns":2},{"floor":50,"enemies":"Time Eater","damage":56,"turns":5},{"floor":54,"enemies":"Shield and Spear","damage":15,"turns":3},{"floor":55,"enemies":"The Heart","damage":108,"turns":3}],"potions_obtained":[{"key":"SkillPotion","floor":8},{"key":"Block Potion","floor":10},{"key":"Energy Potion","floor":11},{"key":"GamblersBrew","floor":16},{"key":"Explosive Potion","floor":18},{"key":"AttackPotion","floor":29},{"key":"AttackPotion","floor":30},{"key":"EssenceOfSteel","floor":35},{"key":"SkillPotion","floor":39},{"key":"FearPotion","floor":41}],"relics_obtained":[{"key":"Vajra","floor":6},{"key":"Ancient Tea Set","floor":9},{"key":"Molten Egg 2","floor":11},{"key":"Red Mask","floor":22},{"key":"War Paint","floor":24},{"key":"Mango","floor":26},{"key":"MawBank","floor":27},{"key":"Gremlin Horn","floor":41},{"key":"Bronze Scales","floor":45},{"key":"The Courier","floor":48},{"key":"Akabeko","floor":54}],"campfire_choices":[{"floor":15,"key":"REST"},{"floor":23,"key":"REST"},{"floor":25,"key":"REST"},{"floor":32,"key":"RECALL"},{"floor":40,"key":"REST"},{"floor":42,"key":"REST"},{"floor":44,"key":"REST"},{"floor":49,"key":"REST"},{"floor":52,"key":"REST"}],"circlet_count":0,"win_rate":0,"killed_by":"The Heart"}