{"play_id":"1337ad0e-0f40-4be5-9e6b-786e297691ce","build_version":"2020-01-27","seed_played":"-4113533269066038059","chose_seed":false,"seed_source_timestamp":0,"is_daily":false,"special_seed":0,"is_trial":false,"is_endless":false,"is_ascension_mode":true,"ascension_level":5,"neow_bonus":"THREE_ENEMY_KILL","neow_cost":"NONE","is_beta":false,"is_prod":false,"victory":true,"floor_reached":51,"score":1098,"timestamp":1758609033,"local_time":"09/23/2025 06:30:33","playtime":2028,"player_experience":137478,"master_deck":["Strike_G","Strike_G","Strike_G","Strike_G","Strike_G","Defend_G","Defend_G","Defend_G","Defend_G","Survivor","Neutralize","Deadly Poison+1","Deadly Poison+1","Doppelganger","All Out Attack","Sucker Punch+1","Endless Agony","Poisoned Stab","Storm of Steel","Bullet Time","Corpse Explosion","Slice","Underhanded Strike+1","Choke","Blade Dance+1","Catalyst","Blade Dance+1","Finisher","Venomology","Bouncing Flask","Poisoned Stab+1","Outmaneuver+1","Madness","Catalyst+1"],"relics":["Ring of the Snake","NeowsBlessing","ClockworkSouvenir","Tiny Chest","Gremlin Horn","Eternal Feather","Ectoplasm","PreservedInsect","Bag of Marbles","CeramicFish","Centennial Puzzle","MutagenicStrength","Bronze Scales","Fusion Hammer","Ninja Scroll","Mango","Regal Pillow","Bag of Preparation","Meat on the Bone","Orichalcum"],"gold":27,"campfire_rested":7,"campfire_upgraded":1,"purchased_purges":0,"potions_floor_spawned":[1,11,12,16,18,24,29,33,39,44,47],"potions_floor_usage":[50,50,50],"current_hp_per_floor":[70,70,70,70,70,70,58,58,58,58,47,47,47,27,60,56,67,47,47,47,34,14,48,23,60,60,41,41,41,41,29,66,15,60,42,42,42,21,18,62,53,89,89,54,89,84,84,84,89,64],"max_hp_per_floor":[70,70,70,70,70,70,70,70,70,70,70,70,70,70,70,70,70,70,70,70,75,75,75,75,75,75,75,75,75,75,75,75,75,75,75,75,75,75,89,89,89,89,89,89,89,89,89,89,89,89],"gold_per_floor":[112,129,129,140,140,140,152,8,8,8,39,49,49,74,74,171,171,171,171,171,171,171,171,171,171,171,171,171,171,171,171,171,171,171,171,171,171,171,171,171,171,171,171,171,171,171,171,27,27,27],"path_per_floor":["M","M","?","M","?","R","M","$","T","?","E","M","?","E","R","B","ul","M","M","T","?","M","R","E","R","T","E","?","M","E","M","R","B","ul","M","T","M","M","?","R","E","R","T","M","R","?","E","$","R","B",null],"path_taken":["M","M","?","?","?","R","M","?","T","?","E","?","?","E","R","BOSS","M","M","?","?","M","R","E","R","T","E","?","M","E","?","R","BOSS","M","?","?","M","?","R","E","R","T","M","R","?","E","$","R","BOSS"],"items_purchased":["ClockworkSouvenir","Orichalcum"],"item_purchase_floors":[8,48],"items_purged":[],"items_purged_floors":[],"character_chosen":"THE_SILENT","card_choices":[{"picked":"Deadly Poison","not_picked":["Choke","Acrobatics"],"floor":1},{"picked":"Deadly Poison","not_picked":["Bouncing Flask","Caltrops"],"floor":2},{"picked":"All Out Attack","not_picked":["Expertise","Slice"],"floor":4},{"picked":"Sucker Punch","not_picked":["Deflect","Cloak And Dagger"],"floor":7},{"picked":"Endless Agony","not_picked":["Quick Slash","Prepared"],"floor":11},{"picked":"Poisoned Stab","not_picked":["Acrobatics","Outmaneuver"],"floor":12},{"picked":"Bullet Time","not_picked":["Sucker Punch","Deflect"],"floor":14},{"picked":"Corpse Explosion","not_picked":["Phantasmal Killer","Unload"],"floor":16},{"picked":"Slice","not_picked":["Dodge and Roll+1","Blade Dance"],"floor":18},{"picked":"Underhanded Strike+1","not_picked":["Masterful Stab","Footwork+1"],"floor":19},{"picked":"Choke","not_picked":["Heel Hook","Escape Plan"],"floor":22},{"picked":"Blade Dance+1","not_picked":["Leg Sweep+1","Caltrops"],"floor":24},{"picked":"Catalyst","not_picked":["Outmaneuver+1","Corpse Explosion"],"floor":27},{"picked":"SKIP","not_picked":["Calculated Gamble","Acrobatics+1","Dagger Spray"],"floor":29},{"picked":"Blade Dance+1","not_picked":["Backflip","Quick Slash"],"floor":30},{"picked":"Finisher","not_picked":["Sucker Punch+1","Acrobatics"],"floor":31},{"picked":"Venomology","not_picked":["Adrenaline","Bullet Time"],"floor":33},{"picked":"Bouncing Flask","not_picked":["PiercingWail+1","Distraction+1"],"floor":35},{"picked":"SKIP","not_picked":["Dagger Spray","Prepared+1","Outmaneuver+1"],"floor":37},{"picked":"SKIP","not_picked":["Dagger Spray","Flying Knee+1","Quick Slash"],"floor":38},{"picked":"Poisoned Stab+1","not_picked":["Concentrate","Masterful Stab"],"floor":39},{"picked":"Outmaneuver+1","not_picked":["Deflect","Eviscerate"],"floor":41},{"picked":"SKIP","not_picked":["Footwork+1","Deflect","Dodge and Roll"],"floor":44},{"picked":"Madness","not_picked":["Transmutation","Good Instincts"],"floor":46},{"picked":"Catalyst+1","not_picked":["Bouncing Flask+1","Distraction+1"],"floor":47}],"event_choices":[{"event_name":"Match and Keep!","player_choice":"1 cards matched","floor":3,"cards_obtained":["Doppelganger"],"cards_removed":null,"cards_transformed":null,"cards_upgraded":null,"relics_obtained":null,"potions_obtained":null,"relics_lost":null,"damage_taken":0,"damage_healed":0,"max_hp_loss":0,"max_hp_gain":0,"gold_gain":0,"gold_loss":0},{"event_name":"Living Wall","player_choice":"Grow","floor":5,"cards_obtained":null,"cards_removed":null,"cards_transformed":null,"cards_upgraded":["Deadly Poison"],"relics_obtained":null,"potions_obtained":null,"relics_lost":null,"damage_taken":0,"damage_healed":0,"max_hp_loss":0,"max_hp_gain":0,"gold_gain":0,"gold_loss":0},{"event_name":"Accursed Blacksmith","player_choice":"Forge","floor":10,"cards_obtained":null,"cards_removed":null,"cards_transformed":null,"cards_upgraded":["Sucker Punch"],"relics_obtained":null,"potions_obtained":null,"relics_lost":null,"damage_taken":0,"damage_healed":0,"max_hp_loss":0,"max_hp_gain":0,"gold_gain":0,"gold_loss":0},{"event_name":"Transmorgrifier","player_choice":"Transformed","floor":13,"cards_obtained":["Storm of Steel"],"cards_removed":null,"cards_transformed":["Defend_G"],"cards_upgraded":null,"relics_obtained":null,"potions_obtained":null,"relics_lost":null,"damage_taken":0,"damage_healed":0,"max_hp_loss":0,"max_hp_gain":0,"gold_gain":0,"gold_loss":0},{"event_name":"Forgotten Altar","player_choice":"Shed Blood","floor":21,"cards_obtained":null,"cards_removed":null,"cards_transformed":null,"cards_upgraded":null,"relics_obtained":null,"potions_obtained":null,"relics_lost":null,"damage_taken":18,"damage_healed":0,"max_hp_loss":0,"max_hp_gain":5,"gold_gain":0,"gold_loss":0},{"event_name":"Drug Dealer","player_choice":"Inject Mutagens","floor":28,"cards_obtained":null,"cards_removed":null,"cards_transformed":null,"cards_upgraded":null,"relics_obtained":["MutagenicStrength"],"potions_obtained":null,"relics_lost":null,"damage_taken":0,"damage_healed":0,"max_hp_loss":0,"max_hp_gain":0,"gold_gain":0,"gold_loss":0},{"event_name":"MindBloom","player_choice":"Fight","floor":39,"cards_obtained":null,"cards_removed":null,"cards_transformed":null,"cards_upgraded":null,"relics_obtained":null,"potions_obtained":null,"relics_lost":null,"damage_taken":0,"damage_healed":0,"max_hp_loss":0,"max_hp_gain":0,"gold_gain":0,"gold_loss":0},{"event_name":"SensoryStone","player_choice":"Memory 2","floor":46,"cards_obtained":null,"cards_removed":null,"cards_transformed":null,"cards_upgraded":null,"relics_obtained":null,"potions_obtained":null,"relics_lost":null,"damage_taken":5,"damage_healed":0,"max_hp_loss":0,"max_hp_gain":0,"gold_gain":0,"gold_loss":0}],"boss_relics":[{"picked":"Ectoplasm","not_picked":["Ring of the Serpent","WristBlade"]},{"picked":"Fusion Hammer","not_picked":["HoveringKite","Snecko Eye"]}],"damage_taken":[{"floor":1,"enemies":"Jaw Worm","damage":0,"turns":1},{"floor":2,"enemies":"Cultist","damage":0,"turns":1},{"floor":4,"enemies":"Small Slimes","damage":0,"turns":1},{"floor":7,"enemies":"Exordium Wildlife","damage":12,"turns":4},{"floor":11,"enemies":"Gremlin Nob","damage":11,"turns":4},{"floor":12,"enemies":"Large Slime","damage":0,"turns":5},{"floor":14,"enemies":"3 Sentries","damage":20,"turns":6},{"floor":16,"enemies":"Slime Boss","damage":4,"turns":8},{"floor":18,"enemies":"Spheric Guardian","damage":20,"turns":4},{"floor":19,"enemies":"Chosen","damage":0,"turns":4},{"floor":22,"enemies":"Sentry and Sphere","damage":25,"turns":4},{"floor":24,"enemies":"Slavers","damage":25,"turns":2},{"floor":27,"enemies":"Book of Stabbing","damage":19,"turns":3},{"floor":29,"enemies":"3 Cultists","damage":0,"turns":2},{"floor":30,"enemies":"Slavers","damage":0,"turns":1},{"floor":31,"enemies":"Chosen and Byrds","damage":12,"turns":2},{"floor":33,"enemies":"Champ","damage":51,"turns":9},{"floor":35,"enemies":"3 Shapes","damage":18,"turns":2},{"floor":37,"enemies":"Orb Walker","damage":0,"turns":1},{"floor":38,"enemies":"Maw","damage":21,"turns":5},{"floor":39,"enemies":"Mind Bloom Boss Battle","damage":17,"turns":3},{"floor":41,"enemies":"Giant Head","damage":9,"turns":4},{"floor":44,"enemies":"Spire Growth","damage":35,"turns":3},{"floor":47,"enemies":"Reptomancer","damage":0,"turns":3},{"floor":50,"enemies":"Time Eater","damage":25,"turns":3}],"potions_obtained":[{"key":"AttackPotion","floor":1},{"key":"BlessingOfTheForge","floor":11},{"key":"CunningPotion","floor":12},{"key":"EssenceOfSteel","floor":16},{"key":"Regen Potion","floor":18},{"key":"FearPotion","floor":24},{"key":"AttackPotion","floor":29},{"key":"Fire Potion","floor":33},{"key":"CunningPotion","floor":39},{"key":"SkillPotion","floor":44},{"key":"Swift Potion","floor":47}],"relics_obtained":[{"key":"Tiny Chest","floor":9},{"key":"Gremlin Horn","floor":11},{"key":"Eternal Feather","floor":14},{"key":"PreservedInsect","floor":20},{"key":"Bag of Marbles","floor":24},{"key":"CeramicFish","floor":26},{"key":"Centennial Puzzle","floor":27},{"key":"Bronze Scales","floor":30},{"key":"Ninja Scroll","floor":36},{"key":"Mango","floor":39},{"key":"Regal Pillow","floor":41},{"key":"Bag of Preparation","floor":43},{"key":"Meat on the Bone","floor":47}],"campfire_choices":[{"floor":6,"key":"SMITH","data":"Deadly Poison"},{"floor":15,"key":"REST"},{"floor":23,"key":"REST"},{"floor":25,"key":"REST"},{"floor":32,"key":"REST"},{"floor":40,"key":"REST"},{"floor":42,"key":"REST"},{"floor":45,"key":"REST"},{"floor":49,"key":"RECALL"}],"circlet_count":0,"win_rate":0,"killed_by":null}