{"play_id":"bfcb1485-6d73-473d-bb82-2e7aa16535aa","build_version":"2020-01-27","seed_played":"2804978411170609982","chose_seed":false,"seed_source_timestamp":10808839649537,"is_daily":false,"special_seed":null,"is_trial":false,"is_endless":false,"is_ascension_mode":true,"ascension_level":5,"neow_bonus":"BOSS_RELIC","neow_cost":"NONE","is_beta":false,"is_prod":false,"victory":false,"floor_reached":6,"score":40,"timestamp":1758606891,"local_time":"09/23/2025 05:54:51","playtime":164,"player_experience":137314,"master_deck":["Strike_G","Strike_G","Strike_G","Strike_G","Strike_G","Defend_G","Defend_G","Defend_G","Defend_G+1","Defend_G","Survivor","Neutralize","Crippling Poison","Catalyst"],"relics":["Tiny House","Omamori","Orichalcum","Dream Catcher"],"gold":296,"campfire_rested":0,"campfire_upgraded":0,"purchased_purges":0,"potions_floor_spawned":[],"potions_floor_usage":[6],"current_hp_per_floor":[75,64,46,46,46,0],"max_hp_per_floor":[75,75,75,75,75,75],"gold_per_floor":[168,243,243,296,296,296],"path_per_floor":["M","?","?","T","?","E"],"path_taken":["M","?","?","?","?","E"],"items_purchased":[],"item_purchase_floors":[],"items_purged":[],"items_purged_floors":[],"character_chosen":"THE_SILENT","card_choices":[{"picked":"Crippling Poison","not_picked":["Quick Slash","Riddle With Holes"],"floor":0},{"picked":"Catalyst","not_picked":["Dagger Spray","Well Laid Plans"],"floor":1}],"event_choices":[{"event_name":"World of Goop","player_choice":"Gather Gold","floor":2,"cards_obtained":null,"cards_removed":null,"cards_transformed":null,"cards_upgraded":null,"relics_obtained":null,"potions_obtained":null,"relics_lost":null,"damage_taken":11,"damage_healed":0,"max_hp_loss":0,"max_hp_gain":0,"gold_gain":75,"gold_loss":0},{"event_name":"Scrap Ooze","player_choice":"Success","floor":3,"cards_obtained":null,"cards_removed":null,"cards_transformed":null,"cards_upgraded":null,"relics_obtained":["Omamori"],"potions_obtained":null,"relics_lost":null,"damage_taken":18,"damage_healed":0,"max_hp_loss":0,"max_hp_gain":0,"gold_gain":0,"gold_loss":0},{"event_name":"Big Fish","player_choice":"Box","floor":5,"cards_obtained":["Regret"],"cards_removed":null,"cards_transformed":null,"cards_upgraded":null,"relics_obtained":["Dream Catcher"],"potions_obtained":null,"relics_lost":null,"damage_taken":0,"damage_healed":0,"max_hp_loss":0,"max_hp_gain":0,"gold_gain":0,"gold_loss":0}],"boss_relics":[],"damage_taken":[{"floor":1,"enemies":"Jaw Worm","damage":0,"turns":5},{"floor":6,"enemies":"Gremlin Nob","damage":66,"turns":6}],"potions_obtained":[{"key":"Regen Potion","floor":0}],"relics_obtained":[{"key":"Orichalcum","floor":4}],"campfire_choices":[],"circlet_count":0,"win_rate":0,"killed_by":"Gremlin Nob"}