{"play_id":"36ed251d-0864-42c4-84d0-96a9764dc49d","build_version":"2020-01-27","seed_played":"4362553654061556975","chose_seed":false,"seed_source_timestamp":197625324730,"is_daily":false,"special_seed":null,"is_trial":false,"is_endless":false,"is_ascension_mode":true,"ascension_level":1,"neow_bonus":"BOSS_RELIC","neow_cost":"NONE","is_beta":false,"is_prod":false,"victory":false,"floor_reached":23,"score":211,"timestamp":1723564017,"local_time":"08/13/2024 15:46:57","playtime":967,"player_experience":9277,"master_deck":["Strike_R","Strike_R","Strike_R","Strike_R","Strike_R","Defend_R","Defend_R","Defend_R","Defend_R","Bash","Twin Strike","Barricade","Panacea","Twin Strike","Bash","Thunderclap","Clothesline","Battle Trance","Pommel Strike","Perfected Strike+1","Spot Weakness","Iron Wave","Double Tap","Infernal Blade","Carnage","Armaments+1","Flame Barrier","Heavy Blade"],"relics":["Sozu","Ice Cream","Gremlin Horn","Fusion Hammer"],"gold":504,"campfire_rested":2,"campfire_upgraded":0,"purchased_purges":0,"potions_floor_spawned":[6,8,10,11,12,16,20,21],"potions_floor_usage":[],"current_hp_per_floor":[80,80,79,79,79,58,80,73,73,61,61,49,36,36,60,27,80,75,63,43,22,12,0],"max_hp_per_floor":[80,80,80,80,80,80,80,80,80,80,80,80,80,80,80,80,80,80,80,80,80,80,80],"gold_per_floor":[109,109,120,120,135,160,160,178,252,272,289,304,323,323,323,419,419,438,457,472,485,504,504],"path_per_floor":["M","?","M","?","M","E","R","M","T","M","M","M","M","?","R","B",null,"M","M","M","M","M","E"],"path_taken":["M","?","M","?","M","E","R","M","T","M","M","?","M","?","R","BOSS","M","M","M","M","M","E"],"items_purchased":[],"item_purchase_floors":[],"items_purged":[],"items_purged_floors":[],"character_chosen":"IRONCLAD","card_choices":[{"picked":"Twin Strike","not_picked":["Sword Boomerang","Armaments"],"floor":1},{"picked":"Barricade","not_picked":["Dropkick","Dual Wield"],"floor":3},{"picked":"Thunderclap","not_picked":["Twin Strike","Rage"],"floor":5},{"picked":"Clothesline","not_picked":["Twin Strike","Combust"],"floor":6},{"picked":"Battle Trance","not_picked":["Twin Strike","Metallicize"],"floor":8},{"picked":"Pommel Strike","not_picked":["Warcry","Iron Wave"],"floor":10},{"picked":"Perfected Strike","not_picked":["Battle Trance","Twin Strike"],"floor":11},{"picked":"Spot Weakness","not_picked":["Combust","Entrench"],"floor":12},{"picked":"Iron Wave","not_picked":["Armaments","Twin Strike"],"floor":13},{"picked":"Double Tap","not_picked":["Bludgeon","Barricade"],"floor":16},{"picked":"Infernal Blade","not_picked":["Feel No Pain","Pommel Strike"],"floor":18},{"picked":"Carnage","not_picked":["Pommel Strike","Hemokinesis+1"],"floor":19},{"picked":"Armaments+1","not_picked":["Clothesline+1","Inflame"],"floor":20},{"picked":"Flame Barrier","not_picked":["Thunderclap+1","Infernal Blade"],"floor":21},{"picked":"Heavy Blade","not_picked":["Infernal Blade","Fire Breathing"],"floor":22}],"event_choices":[{"event_name":"Shining Light","player_choice":"Ignored","floor":2,"cards_obtained":null,"cards_removed":null,"cards_transformed":null,"cards_upgraded":null,"relics_obtained":null,"potions_obtained":null,"relics_lost":null,"damage_taken":0,"damage_healed":0,"max_hp_loss":0,"max_hp_gain":0,"gold_gain":0,"gold_loss":0},{"event_name":"Match and Keep!","player_choice":"3 cards matched","floor":4,"cards_obtained":["Panacea","Twin Strike","Bash"],"cards_removed":null,"cards_transformed":null,"cards_upgraded":null,"relics_obtained":null,"potions_obtained":null,"relics_lost":null,"damage_taken":0,"damage_healed":0,"max_hp_loss":0,"max_hp_gain":0,"gold_gain":0,"gold_loss":0},{"event_name":"Living Wall","player_choice":"Grow","floor":14,"cards_obtained":null,"cards_removed":null,"cards_transformed":null,"cards_upgraded":["Perfected Strike"],"relics_obtained":null,"potions_obtained":null,"relics_lost":null,"damage_taken":0,"damage_healed":0,"max_hp_loss":0,"max_hp_gain":0,"gold_gain":0,"gold_loss":0}],"boss_relics":[{"picked":"Fusion Hammer","not_picked":["Busted Crown","Cursed Key"]}],"damage_taken":[{"floor":1,"enemies":"Cultist","damage":0,"turns":3},{"floor":3,"enemies":"Jaw Worm","damage":1,"turns":3},{"floor":5,"enemies":"2 Louse","damage":0,"turns":2},{"floor":6,"enemies":"Gremlin Nob","damage":21,"turns":4},{"floor":8,"enemies":"Looter","damage":7,"turns":3},{"floor":10,"enemies":"Gremlin Gang","damage":12,"turns":3},{"floor":11,"enemies":"3 Louse","damage":0,"turns":2},{"floor":12,"enemies":"Blue Slaver","damage":12,"turns":2},{"floor":13,"enemies":"Red Slaver","damage":13,"turns":2},{"floor":16,"enemies":"The Guardian","damage":33,"turns":6},{"floor":18,"enemies":"Chosen","damage":5,"turns":2},{"floor":19,"enemies":"Shell Parasite","damage":12,"turns":4},{"floor":20,"enemies":"Centurion and Healer","damage":20,"turns":3},{"floor":21,"enemies":"Snake Plant","damage":21,"turns":2},{"floor":22,"enemies":"Shelled Parasite and Fungi","damage":10,"turns":2},{"floor":23,"enemies":"Book of Stabbing","damage":12,"turns":1}],"potions_obtained":[],"relics_obtained":[{"key":"Ice Cream","floor":6},{"key":"Gremlin Horn","floor":9}],"campfire_choices":[{"floor":7,"key":"REST"},{"floor":15,"key":"REST"}],"circlet_count":0,"win_rate":0,"killed_by":"Book of Stabbing"}