{"play_id":"5833b951-3acd-4ca2-a0a0-67db54748a07","build_version":"2020-01-27","seed_played":"8346457550255115886","chose_seed":false,"seed_source_timestamp":463756047859,"is_daily":false,"special_seed":null,"is_trial":false,"is_endless":false,"is_ascension_mode":false,"ascension_level":0,"neow_bonus":"ONE_RANDOM_RARE_CARD","neow_cost":"NONE","is_beta":false,"is_prod":false,"victory":false,"floor_reached":23,"score":201,"timestamp":1723078617,"local_time":"08/08/2024 00:56:57","playtime":1398,"player_experience":2698,"master_deck":["Strike_R","Strike_R","Strike_R","Strike_R","Strike_R","Defend_R","Defend_R","Defend_R","Defend_R","Bash+1","Barricade","Body Slam+1","Shrug It Off","Whirlwind","Demon Form+1","Anger","Shockwave","Ghostly Armor","Sword Boomerang","Anger","Seeing Red","Feed","Metallicize","Dark Embrace","Flex+1","Ghostly Armor","Cleave","Perfected Strike+1"],"relics":["Burning Blood","Kunai","Meat on the Bone","Coffee Dripper","Medical Kit"],"gold":93,"campfire_rested":1,"campfire_upgraded":1,"purchased_purges":0,"potions_floor_spawned":[4,5,14,16,22],"potions_floor_usage":[16,16,18,20],"current_hp_per_floor":[80,80,80,72,72,72,56,55,55,52,52,45,49,49,73,55,80,65,61,42,42,51,0],"max_hp_per_floor":[80,80,80,80,80,80,80,80,80,80,80,80,80,80,80,80,80,80,80,80,80,83,83],"gold_per_floor":[118,131,142,162,176,176,176,191,191,209,209,234,248,265,265,362,362,378,392,409,74,93,93],"path_per_floor":["M","M","M","M","M","R","?","M","T","M","?","E","M","M","R","B",null,"M","M","M","$","M","E"],"path_taken":["M","M","M","M","?","R","?","M","T","M","?","E","M","M","R","BOSS","M","M","M","$","M","E"],"items_purchased":["Ghostly Armor","Medical Kit","Cleave","Fire Potion"],"item_purchase_floors":[21,21,21,21],"items_purged":[],"items_purged_floors":[],"character_chosen":"IRONCLAD","card_choices":[{"picked":"Body Slam","not_picked":["Clash","True Grit"],"floor":1},{"picked":"Shrug It Off","not_picked":["Flex","Reckless Charge"],"floor":2},{"picked":"Whirlwind","not_picked":["Perfected Strike","Fire Breathing"],"floor":3},{"picked":"Demon Form","not_picked":["Flex","Burning Pact"],"floor":4},{"picked":"Anger","not_picked":["Metallicize","Thunderclap"],"floor":5},{"picked":"Shockwave","not_picked":["Bloodletting","Hemokinesis"],"floor":8},{"picked":"Ghostly Armor","not_picked":["Clash","Iron Wave"],"floor":10},{"picked":"Anger","not_picked":["Body Slam","Clash"],"floor":12},{"picked":"Seeing Red","not_picked":["Clothesline","Entrench"],"floor":13},{"picked":"SKIP","not_picked":["Clash","True Grit","Flex"],"floor":14},{"picked":"Feed","not_picked":["Berserk","Brutality"],"floor":16},{"picked":"Metallicize","not_picked":["Sword Boomerang","Flex+1"],"floor":18},{"picked":"Dark Embrace","not_picked":["Dual Wield","True Grit+1"],"floor":19},{"picked":"Flex+1","not_picked":["Warcry","Shrug It Off"],"floor":20},{"picked":"Perfected Strike+1","not_picked":["Juggernaut","Cleave"],"floor":22}],"event_choices":[{"event_name":"Shining Light","player_choice":"Entered Light","floor":7,"cards_obtained":null,"cards_removed":null,"cards_transformed":null,"cards_upgraded":["Body Slam","Bash"],"relics_obtained":null,"potions_obtained":null,"relics_lost":null,"damage_taken":16,"damage_healed":0,"max_hp_loss":0,"max_hp_gain":0,"gold_gain":0,"gold_loss":0},{"event_name":"Match and Keep!","player_choice":"1 cards matched","floor":11,"cards_obtained":["Sword Boomerang"],"cards_removed":null,"cards_transformed":null,"cards_upgraded":null,"relics_obtained":null,"potions_obtained":null,"relics_lost":null,"damage_taken":0,"damage_healed":0,"max_hp_loss":0,"max_hp_gain":0,"gold_gain":0,"gold_loss":0}],"boss_relics":[{"picked":"Coffee Dripper","not_picked":["SlaversCollar","Philosopher's Stone"]}],"damage_taken":[{"floor":1,"enemies":"Cultist","damage":5,"turns":4},{"floor":2,"enemies":"2 Louse","damage":1,"turns":4},{"floor":3,"enemies":"Small Slimes","damage":4,"turns":5},{"floor":4,"enemies":"3 Louse","damage":14,"turns":3},{"floor":5,"enemies":"2 Fungi Beasts","damage":6,"turns":4},{"floor":8,"enemies":"Blue Slaver","damage":7,"turns":3},{"floor":10,"enemies":"Exordium Wildlife","damage":9,"turns":5},{"floor":12,"enemies":"Lagavulin","damage":13,"turns":5},{"floor":13,"enemies":"Looter","damage":2,"turns":4},{"floor":14,"enemies":"Exordium Thugs","damage":6,"turns":4},{"floor":16,"enemies":"Hexaghost","damage":36,"turns":9},{"floor":18,"enemies":"Spheric Guardian","damage":21,"turns":5},{"floor":19,"enemies":"Chosen","damage":10,"turns":4},{"floor":20,"enemies":"Snake Plant","damage":37,"turns":4},{"floor":22,"enemies":"Snecko","damage":0,"turns":7},{"floor":23,"enemies":"Slavers","damage":57,"turns":3}],"potions_obtained":[{"key":"Fire Potion","floor":4},{"key":"LiquidMemories","floor":5},{"key":"Strength Potion","floor":14},{"key":"FearPotion","floor":16},{"key":"Fire Potion","floor":22}],"relics_obtained":[{"key":"Kunai","floor":9},{"key":"Meat on the Bone","floor":12}],"campfire_choices":[{"floor":6,"key":"SMITH","data":"Demon Form"},{"floor":15,"key":"REST"}],"circlet_count":0,"win_rate":0,"killed_by":"Slavers"}