{"play_id":"f2b0a209-631b-4e17-a3fe-c445dd7ec9c9","build_version":"2020-01-27","seed_played":"6635559015477338834","chose_seed":false,"seed_source_timestamp":282029293809,"is_daily":false,"special_seed":null,"is_trial":false,"is_endless":false,"is_ascension_mode":false,"ascension_level":0,"neow_bonus":"","neow_cost":"","is_beta":false,"is_prod":false,"victory":false,"floor_reached":33,"score":255,"timestamp":1723058707,"local_time":"20240807192507","playtime":2698,"player_experience":0,"master_deck":["Strike_R","Strike_R","Strike_R","Strike_R","Defend_R","Defend_R","Defend_R","Defend_R","Bash","Anger","Rampage","Ghostly Armor","Perfected Strike+1","Iron Wave","Shrug It Off","Cleave","Pommel Strike","Uppercut","Reaper","Carnage+1","Carnage+1","Thunderclap+1","Perfected Strike+1","J.A.X.","Carnage+1","Writhe","Sever Soul"],"relics":["Burning Blood","Golden Idol","HornCleat","MawBank","Meat on the Bone","Mercury Hourglass","Snecko Eye","Orichalcum","PreservedInsect","Letter Opener"],"gold":46,"campfire_rested":1,"campfire_upgraded":4,"purchased_purges":0,"potions_floor_spawned":[1,4,7,10,19,22,25,28],"potions_floor_usage":[16,16,33,33],"current_hp_per_floor":[80,60,65,70,66,66,72,62,62,25,25,38,20,20,44,26,80,76,80,80,80,79,79,79,70,70,80,80,80,80,80,80,0],"max_hp_per_floor":[80,80,80,80,80,80,80,80,80,80,80,80,80,80,80,80,80,80,80,80,80,80,80,80,80,80,80,80,80,80,80,80,80],"gold_per_floor":[118,118,137,160,174,174,188,209,209,248,15,34,34,34,34,155,155,175,193,216,229,248,248,248,262,285,306,330,330,330,46,46,46],"path_per_floor":["M","?","M","M","M","R","M","M","T","E","$","M","?","?","R","B",null,"M","M","M","M","M","R","?","M","T","M","M","R","?","$","R","B"],"path_taken":["M","?","M","M","M","R","M","M","T","E","$","M","?","?","R","BOSS","M","M","?","M","M","R","?","M","T","M","M","R","?","?","R","BOSS"],"items_purchased":["Meat on the Bone","Letter Opener","Sever Soul"],"item_purchase_floors":[11,31,31],"items_purged":[],"items_purged_floors":[],"character_chosen":"IRONCLAD","card_choices":[{"picked":"Anger","not_picked":["Armaments","Body Slam"],"floor":1},{"picked":"Rampage","not_picked":["Intimidate","Anger"],"floor":3},{"picked":"Ghostly Armor","not_picked":["Flex","Carnage"],"floor":4},{"picked":"Perfected Strike","not_picked":["Warcry","Dropkick"],"floor":5},{"picked":"Iron Wave","not_picked":["Warcry","Rampage"],"floor":7},{"picked":"Shrug It Off","not_picked":["True Grit","Sword Boomerang"],"floor":8},{"picked":"Cleave","not_picked":["Brutality","Pummel"],"floor":10},{"picked":"Pommel Strike","not_picked":["Power Through","Anger"],"floor":12},{"picked":"Reaper","not_picked":["Brutality","Berserk"],"floor":16},{"picked":"Carnage","not_picked":["Bloodletting","Sever Soul"],"floor":18},{"picked":"Carnage","not_picked":["Flex","True Grit+1"],"floor":19},{"picked":"Thunderclap+1","not_picked":["Iron Wave+1","Pommel Strike"],"floor":20},{"picked":"Perfected Strike","not_picked":["Intimidate+1","Sword Boomerang"],"floor":21},{"picked":"SKIP","not_picked":["Armaments","Shrug It Off","Intimidate+1"],"floor":22},{"picked":"Carnage+1","not_picked":["Clothesline","Headbutt"],"floor":25},{"picked":"SKIP","not_picked":["Clash+1","Iron Wave","Armaments"],"floor":27},{"picked":"SKIP","not_picked":["Rage","Clash+1","Reckless Charge"],"floor":28}],"event_choices":[{"event_name":"Golden Idol","player_choice":"Take Damage","floor":2,"cards_obtained":null,"cards_removed":null,"cards_transformed":null,"cards_upgraded":null,"relics_obtained":["Golden Idol"],"potions_obtained":null,"relics_lost":null,"damage_taken":20,"damage_healed":0,"max_hp_loss":0,"max_hp_gain":0,"gold_gain":0,"gold_loss":0},{"event_name":"Scrap Ooze","player_choice":"Success","floor":13,"cards_obtained":null,"cards_removed":null,"cards_transformed":null,"cards_upgraded":null,"relics_obtained":["Mercury Hourglass"],"potions_obtained":null,"relics_lost":null,"damage_taken":18,"damage_healed":0,"max_hp_loss":0,"max_hp_gain":0,"gold_gain":0,"gold_loss":0},{"event_name":"Transmorgrifier","player_choice":"Transformed","floor":14,"cards_obtained":["Uppercut"],"cards_removed":null,"cards_transformed":["Strike_R"],"cards_upgraded":null,"relics_obtained":null,"potions_obtained":null,"relics_lost":null,"damage_taken":0,"damage_healed":0,"max_hp_loss":0,"max_hp_gain":0,"gold_gain":0,"gold_loss":0},{"event_name":"Drug Dealer","player_choice":"Obtain J.A.X.","floor":24,"cards_obtained":["J.A.X."],"cards_removed":null,"cards_transformed":null,"cards_upgraded":null,"relics_obtained":null,"potions_obtained":null,"relics_lost":null,"damage_taken":0,"damage_healed":0,"max_hp_loss":0,"max_hp_gain":0,"gold_gain":0,"gold_loss":0},{"event_name":"The Mausoleum","player_choice":"Opened","floor":30,"cards_obtained":["Writhe"],"cards_removed":null,"cards_transformed":null,"cards_upgraded":null,"relics_obtained":["PreservedInsect"],"potions_obtained":null,"relics_lost":null,"damage_taken":0,"damage_healed":0,"max_hp_loss":0,"max_hp_gain":0,"gold_gain":0,"gold_loss":0}],"boss_relics":[{"picked":"Snecko Eye","not_picked":["Philosopher's Stone","Astrolabe"]}],"damage_taken":[{"floor":1,"enemies":"Small Slimes","damage":5,"turns":4},{"floor":3,"enemies":"Cultist","damage":1,"turns":3},{"floor":4,"enemies":"Jaw Worm","damage":1,"turns":3},{"floor":5,"enemies":"3 Louse","damage":10,"turns":4},{"floor":7,"enemies":"Exordium Wildlife","damage":0,"turns":3},{"floor":8,"enemies":"Lots of Slimes","damage":16,"turns":6},{"floor":10,"enemies":"Gremlin Nob","damage":43,"turns":5},{"floor":12,"enemies":"Red Slaver","damage":5,"turns":3},{"floor":16,"enemies":"The Guardian","damage":52,"turns":10},{"floor":18,"enemies":"2 Thieves","damage":10,"turns":3},{"floor":19,"enemies":"Spheric Guardian","damage":0,"turns":3},{"floor":20,"enemies":"3 Cultists","damage":0,"turns":4},{"floor":21,"enemies":"Shelled Parasite and Fungi","damage":9,"turns":4},{"floor":22,"enemies":"Centurion and Healer","damage":7,"turns":3},{"floor":25,"enemies":"Snake Plant","damage":24,"turns":2},{"floor":27,"enemies":"Snecko","damage":0,"turns":3},{"floor":28,"enemies":"Centurion and Healer","damage":2,"turns":4},{"floor":33,"enemies":"Champ","damage":90,"turns":8}],"potions_obtained":[{"key":"ElixirPotion","floor":1},{"key":"Energy Potion","floor":4},{"key":"BloodPotion","floor":7},{"key":"BlessingOfTheForge","floor":10},{"key":"FearPotion","floor":19},{"key":"LiquidMemories","floor":22},{"key":"AttackPotion","floor":25}],"relics_obtained":[{"key":"HornCleat","floor":9},{"key":"MawBank","floor":10},{"key":"Orichalcum","floor":26}],"campfire_choices":[{"floor":6,"key":"SMITH","data":"Perfected Strike"},{"floor":15,"key":"REST"},{"floor":23,"key":"SMITH","data":"Carnage"},{"floor":29,"key":"SMITH","data":"Perfected Strike"},{"floor":32,"key":"SMITH","data":"Carnage"}],"circlet_count":0,"win_rate":0,"killed_by":"Champ"}