{"play_id":"2f3f3ec6-4d39-479a-bda6-ed6a7e1170da","build_version":"2020-01-27","seed_played":"5402427549512773966","chose_seed":false,"seed_source_timestamp":488332996266,"is_daily":false,"special_seed":null,"is_trial":false,"is_endless":false,"is_ascension_mode":false,"ascension_level":0,"neow_bonus":"BOSS_RELIC","neow_cost":"NONE","is_beta":false,"is_prod":false,"victory":false,"floor_reached":33,"score":349,"timestamp":1723084127,"local_time":"08/08/2024 02:28:47","playtime":1815,"player_experience":4096,"master_deck":["Strike_R","Strike_R","Strike_R","Strike_R","Defend_R+1","Defend_R","Defend_R+1","Bash","Pommel Strike","Shrug It Off","Twin Strike","Anger","Thunderclap","Bludgeon","Twin Strike","Heavy Blade","Demon Form","Flame Barrier","Dual Wield+1","Flame Barrier+1","Carnage+1","Heavy Blade","Heavy Blade","Battle Trance","Perfected Strike","Sword Boomerang","Metallicize"],"relics":["Mark of Pain","Bloody Idol","Boot","Orichalcum","MawBank","War Paint","Ectoplasm","HornCleat","Question Card","Lantern","Toy Ornithopter"],"gold":126,"campfire_rested":5,"campfire_upgraded":0,"purchased_purges":0,"potions_floor_spawned":[1,4,6,18,21,29],"potions_floor_usage":[22,24,29,33,33],"current_hp_per_floor":[78,78,78,77,74,42,42,64,64,59,34,56,56,56,74,74,74,65,65,65,52,38,60,49,28,28,25,2,2,2,2,24,0],"max_hp_per_floor":[80,80,80,80,74,74,74,74,74,74,74,74,74,74,74,74,74,74,74,74,74,74,74,74,74,74,74,74,74,74,74,74,74],"gold_per_floor":[109,127,77,87,87,120,144,144,191,224,274,286,319,351,363,504,516,516,516,516,516,516,516,516,516,516,516,516,516,126,126,126,126],"path_per_floor":["M","M","?","M","?","E","T","R","T","M","E","R","M","M","R","B",null,"M","?","?","M","M","R","E","M","T","M","E","M","$","?","R","B"],"path_taken":["M","M","?","M","?","E","?","R","T","M","E","R","M","M","R","BOSS","M","?","?","M","M","R","E","?","T","M","E","M","$","?","R","BOSS"],"items_purchased":["Toy Ornithopter","FairyPotion","Sword Boomerang","Metallicize","BlessingOfTheForge"],"item_purchase_floors":[30,30,30,30,30],"items_purged":[],"items_purged_floors":[],"character_chosen":"IRONCLAD","card_choices":[{"picked":"Pommel Strike","not_picked":["Seeing Red","Hemokinesis"],"floor":1},{"picked":"Shrug It Off","not_picked":["Thunderclap","Dropkick"],"floor":2},{"picked":"Twin Strike","not_picked":["Sword Boomerang","Shrug It Off"],"floor":4},{"picked":"Anger","not_picked":["Pommel Strike","Twin Strike"],"floor":6},{"picked":"Thunderclap","not_picked":["Feel No Pain","Body Slam"],"floor":10},{"picked":"Bludgeon","not_picked":["Headbutt","Warcry"],"floor":11},{"picked":"Twin Strike","not_picked":["Body Slam","Armaments"],"floor":13},{"picked":"Heavy Blade","not_picked":["Warcry","Armaments"],"floor":14},{"picked":"Demon Form","not_picked":["Corruption","Limit Break"],"floor":16},{"picked":"Flame Barrier","not_picked":["True Grit+1","Carnage"],"floor":18},{"picked":"Dual Wield+1","not_picked":["Heavy Blade","Second Wind"],"floor":21},{"picked":"Flame Barrier+1","not_picked":["Clash","Dark Embrace"],"floor":22},{"picked":"Carnage+1","not_picked":["Flex","Bludgeon"],"floor":24},{"picked":"Heavy Blade","not_picked":["Rampage","Burning Pact+1"],"floor":25},{"picked":"Heavy Blade","not_picked":["Reckless Charge","Combust","Body Slam"],"floor":27},{"picked":"Battle Trance","not_picked":["Warcry","Second Wind","Thunderclap"],"floor":28},{"picked":"Perfected Strike","not_picked":["Clash+1","Flex+1","Battle Trance"],"floor":29}],"event_choices":[{"event_name":"The Cleric","player_choice":"Card Removal","floor":3,"cards_obtained":null,"cards_removed":["Defend_R"],"cards_transformed":null,"cards_upgraded":null,"relics_obtained":null,"potions_obtained":null,"relics_lost":null,"damage_taken":0,"damage_healed":0,"max_hp_loss":0,"max_hp_gain":0,"gold_gain":0,"gold_loss":50},{"event_name":"Golden Idol","player_choice":"Lose Max HP","floor":5,"cards_obtained":null,"cards_removed":null,"cards_transformed":null,"cards_upgraded":null,"relics_obtained":["Golden Idol"],"potions_obtained":null,"relics_lost":null,"damage_taken":0,"damage_healed":0,"max_hp_loss":6,"max_hp_gain":0,"gold_gain":0,"gold_loss":0},{"event_name":"Forgotten Altar","player_choice":"Gave Idol","floor":19,"cards_obtained":null,"cards_removed":null,"cards_transformed":null,"cards_upgraded":null,"relics_obtained":["Bloody Idol"],"potions_obtained":null,"relics_lost":["Golden Idol"],"damage_taken":0,"damage_healed":0,"max_hp_loss":0,"max_hp_gain":0,"gold_gain":0,"gold_loss":0},{"event_name":"Bonfire Elementals","player_choice":"Offered Basic","floor":20,"cards_obtained":null,"cards_removed":["Strike_R"],"cards_transformed":null,"cards_upgraded":null,"relics_obtained":null,"potions_obtained":null,"relics_lost":null,"damage_taken":0,"damage_healed":0,"max_hp_loss":0,"max_hp_gain":0,"gold_gain":0,"gold_loss":0},{"event_name":"Ghosts","player_choice":"Ignored","floor":31,"cards_obtained":null,"cards_removed":null,"cards_transformed":null,"cards_upgraded":null,"relics_obtained":null,"potions_obtained":null,"relics_lost":null,"damage_taken":0,"damage_healed":0,"max_hp_loss":0,"max_hp_gain":0,"gold_gain":0,"gold_loss":0}],"boss_relics":[{"picked":"Ectoplasm","not_picked":["Calling Bell","Runic Cube"]}],"damage_taken":[{"floor":1,"enemies":"2 Louse","damage":2,"turns":4},{"floor":2,"enemies":"Small Slimes","damage":0,"turns":3},{"floor":4,"enemies":"Jaw Worm","damage":1,"turns":3},{"floor":6,"enemies":"3 Sentries","damage":32,"turns":9},{"floor":10,"enemies":"Looter","damage":5,"turns":2},{"floor":11,"enemies":"Gremlin Nob","damage":25,"turns":4},{"floor":13,"enemies":"Blue Slaver","damage":0,"turns":3},{"floor":14,"enemies":"Red Slaver","damage":0,"turns":2},{"floor":16,"enemies":"Slime Boss","damage":0,"turns":6},{"floor":18,"enemies":"3 Byrds","damage":9,"turns":4},{"floor":21,"enemies":"Spheric Guardian","damage":13,"turns":4},{"floor":22,"enemies":"Cultist and Chosen","damage":14,"turns":6},{"floor":24,"enemies":"Gremlin Leader","damage":11,"turns":4},{"floor":25,"enemies":"Shelled Parasite and Fungi","damage":21,"turns":5},{"floor":27,"enemies":"3 Cultists","damage":3,"turns":5},{"floor":28,"enemies":"Slavers","damage":23,"turns":6},{"floor":29,"enemies":"Sentry and Sphere","damage":0,"turns":3},{"floor":33,"enemies":"Automaton","damage":79,"turns":8}],"potions_obtained":[{"key":"Dexterity Potion","floor":1},{"key":"Fire Potion","floor":4},{"key":"AttackPotion","floor":6},{"key":"AttackPotion","floor":18},{"key":"ColorlessPotion","floor":29}],"relics_obtained":[{"key":"Boot","floor":6},{"key":"Orichalcum","floor":7},{"key":"MawBank","floor":9},{"key":"War Paint","floor":11},{"key":"HornCleat","floor":24},{"key":"Question Card","floor":26},{"key":"Lantern","floor":28}],"campfire_choices":[{"floor":8,"key":"REST"},{"floor":12,"key":"REST"},{"floor":15,"key":"REST"},{"floor":23,"key":"REST"},{"floor":32,"key":"REST"}],"circlet_count":0,"win_rate":0,"killed_by":"Automaton"}