{"play_id":"0412ad1d-38d3-481c-be87-b7e7885e5fe3","build_version":"2020-01-27","seed_played":"-3019157328674578564","chose_seed":false,"seed_source_timestamp":595668233880,"is_daily":false,"special_seed":null,"is_trial":false,"is_endless":false,"is_ascension_mode":false,"ascension_level":0,"neow_bonus":"RANDOM_COLORLESS","neow_cost":"NONE","is_beta":false,"is_prod":false,"victory":true,"floor_reached":51,"score":854,"timestamp":1723111546,"local_time":"20240808100546","playtime":3366,"player_experience":5911,"master_deck":["Strike_R","Strike_R","Strike_R","Defend_R","Defend_R","Defend_R","Defend_R","Bash","PanicButton","Whirlwind+1","Clash","Power Through","Uppercut","Reaper+1","Cleave+1","Pummel+1","Feed+1","Juggernaut","Carnage+1","Twin Strike+1","Writhe","Shockwave+1","Blood for Blood+1","Rage","Whirlwind+1","Cleave+1","Rage+1","Seeing Red","Clothesline+1","Entrench+1","Bludgeon+1","CurseOfTheBell","Fire Breathing","Pain","Writhe","Armaments+1","Cleave+1","Anger+1","Ghostly Armor+1"],"relics":["Burning Blood","Anchor","Molten Egg 2","Self Forming Clay","Unceasing Top","Toy Ornithopter","Gremlin Horn","Fusion Hammer","Question Card","Kunai","Medical Kit","Matryoshka","Pen Nib","Calling Bell","Juzu Bracelet","Meat on the Bone","Thread and Needle","WarpedTongs","Potion Belt","Bottled Tornado","Centennial Puzzle","Bag of Marbles","Boot"],"gold":150,"campfire_rested":5,"campfire_upgraded":0,"purchased_purges":0,"potions_floor_spawned":[6,11,12,18,21,22,29,33,41,45,48],"potions_floor_usage":[16,16,16,24,33,33,33,45,45,48],"current_hp_per_floor":[80,79,75,75,75,49,73,68,68,69,75,53,53,53,77,24,80,79,83,83,68,52,94,82,82,82,67,72,73,66,66,96,44,106,102,102,102,106,106,57,66,99,99,109,64,64,73,84,114,41],"max_hp_per_floor":[80,80,80,80,80,80,80,80,80,80,80,80,80,80,80,80,80,84,84,84,84,84,94,94,94,94,94,98,98,98,102,102,106,106,106,106,106,106,106,106,110,110,110,110,114,114,114,114,114,114],"gold_per_floor":[116,135,150,150,150,178,178,212,212,246,264,293,293,35,35,139,139,159,171,171,184,204,204,237,20,20,37,56,70,83,113,113,212,212,228,228,19,19,19,54,68,68,95,108,134,134,150,150,150,150],"path_per_floor":["M","M","M","?","?","E","R","E","T","E","M","E","?","$","R","B",null,"M","M","?","M","M","?","E","$","T","M","M","M","M","E","R","B",null,"M","?","$","?","$","E","M","R","T","M","E","?","M","M","R","B",null],"path_taken":["M","M","M","?","?","E","R","E","T","E","?","E","?","$","R","BOSS","M","M","?","M","M","?","E","$","T","?","M","M","M","E","R","BOSS","M","?","?","?","$","E","M","R","T","M","E","?","M","M","R","BOSS"],"items_purchased":["Gremlin Horn","Medical Kit","Whirlwind+1","Potion Belt","SteroidPotion"],"item_purchase_floors":[14,25,25,37,37],"items_purged":[],"items_purged_floors":[],"character_chosen":"IRONCLAD","card_choices":[{"picked":"PanicButton","not_picked":["Trip","Mind Blast"],"floor":0},{"picked":"Whirlwind","not_picked":["Sword Boomerang","Iron Wave"],"floor":1},{"picked":"Clash","not_picked":["Headbutt","Burning Pact"],"floor":2},{"picked":"Power Through","not_picked":["Flex","Twin Strike"],"floor":3},{"picked":"Uppercut","not_picked":["Anger","Sever Soul"],"floor":6},{"picked":"Reaper+1","not_picked":["Clash+1","Berserk"],"floor":8},{"picked":"Cleave+1","not_picked":["Dropkick+1","Armaments"],"floor":10},{"picked":"Pummel+1","not_picked":["True Grit","Feel No Pain"],"floor":11},{"picked":"Feed+1","not_picked":["Seeing Red","Intimidate"],"floor":12},{"picked":"Juggernaut","not_picked":["Brutality","Reaper+1"],"floor":16},{"picked":"Carnage+1","not_picked":["Second Wind","Twin Strike+1"],"floor":18},{"picked":"Twin Strike+1","not_picked":["Clash+1","Bloodletting"],"floor":19},{"picked":"Shockwave+1","not_picked":["Reckless Charge+1","Inflame","Iron Wave+1"],"floor":21},{"picked":"Blood for Blood+1","not_picked":["Fire Breathing","Thunderclap+1","Feel No Pain"],"floor":22},{"picked":"Rage","not_picked":["Thunderclap+1","Clash+1","Flex"],"floor":24},{"picked":"Cleave+1","not_picked":["Clothesline+1","Hemokinesis+1","Inflame"],"floor":27},{"picked":"Rage+1","not_picked":["Feel No Pain","Headbutt+1","Second Wind"],"floor":28},{"picked":"Seeing Red","not_picked":["Feed+1","Intimidate+1","Rage"],"floor":29},{"picked":"Clothesline+1","not_picked":["Infernal Blade","Armaments","Iron Wave+1"],"floor":30},{"picked":"Entrench+1","not_picked":["Berserk","Rupture+1","Burning Pact"],"floor":31},{"picked":"Bludgeon+1","not_picked":["Barricade","Reaper+1","Impervious"],"floor":33},{"picked":"Fire Breathing","not_picked":["Clash+1","Spot Weakness+1","Flex+1"],"floor":35},{"picked":"SKIP","not_picked":["True Grit+1","Barricade","Warcry+1","Sword Boomerang+1"],"floor":40},{"picked":"Armaments+1","not_picked":["Twin Strike+1","Perfected Strike+1","Second Wind"],"floor":41},{"picked":"Cleave+1","not_picked":["Disarm+1","Shockwave+1","Iron Wave+1"],"floor":44},{"picked":"Anger+1","not_picked":["Rampage+1","Twin Strike+1","Warcry+1"],"floor":45},{"picked":"Ghostly Armor+1","not_picked":["Twin Strike+1","Perfected Strike+1","Sword Boomerang+1"],"floor":47}],"event_choices":[{"event_name":"Liars Game","player_choice":"Ignored","floor":4,"cards_obtained":null,"cards_removed":null,"cards_transformed":null,"cards_upgraded":null,"relics_obtained":null,"potions_obtained":null,"relics_lost":null,"damage_taken":0,"damage_healed":0,"max_hp_loss":0,"max_hp_gain":0,"gold_gain":0,"gold_loss":0},{"event_name":"Living Wall","player_choice":"Change","floor":5,"cards_obtained":["Corruption"],"cards_removed":null,"cards_transformed":["Strike_R"],"cards_upgraded":null,"relics_obtained":null,"potions_obtained":null,"relics_lost":null,"damage_taken":0,"damage_healed":0,"max_hp_loss":0,"max_hp_gain":0,"gold_gain":0,"gold_loss":0},{"event_name":"Upgrade Shrine","player_choice":"Upgraded","floor":13,"cards_obtained":null,"cards_removed":null,"cards_transformed":null,"cards_upgraded":["Whirlwind"],"relics_obtained":null,"potions_obtained":null,"relics_lost":null,"damage_taken":0,"damage_healed":0,"max_hp_loss":0,"max_hp_gain":0,"gold_gain":0,"gold_loss":0},{"event_name":"The Mausoleum","player_choice":"Opened","floor":20,"cards_obtained":["Writhe"],"cards_removed":null,"cards_transformed":null,"cards_upgraded":null,"relics_obtained":["Question Card"],"potions_obtained":null,"relics_lost":null,"damage_taken":0,"damage_healed":0,"max_hp_loss":0,"max_hp_gain":0,"gold_gain":0,"gold_loss":0},{"event_name":"Bonfire Elementals","player_choice":"Offered Rare","floor":23,"cards_obtained":null,"cards_removed":["Corruption"],"cards_transformed":null,"cards_upgraded":null,"relics_obtained":null,"potions_obtained":null,"relics_lost":null,"damage_taken":0,"damage_healed":32,"max_hp_loss":0,"max_hp_gain":10,"gold_gain":0,"gold_loss":0},{"event_name":"Accursed Blacksmith","player_choice":"Rummage","floor":36,"cards_obtained":["Pain"],"cards_removed":null,"cards_transformed":null,"cards_upgraded":null,"relics_obtained":["WarpedTongs"],"potions_obtained":null,"relics_lost":null,"damage_taken":0,"damage_healed":0,"max_hp_loss":0,"max_hp_gain":0,"gold_gain":0,"gold_loss":0},{"event_name":"Winding Halls","player_choice":"Writhe","floor":38,"cards_obtained":["Writhe"],"cards_removed":null,"cards_transformed":null,"cards_upgraded":null,"relics_obtained":null,"potions_obtained":null,"relics_lost":null,"damage_taken":0,"damage_healed":27,"max_hp_loss":0,"max_hp_gain":0,"gold_gain":0,"gold_loss":0},{"event_name":"Falling","player_choice":"Removed Attack","floor":46,"cards_obtained":null,"cards_removed":["Strike_R"],"cards_transformed":null,"cards_upgraded":null,"relics_obtained":null,"potions_obtained":null,"relics_lost":null,"damage_taken":0,"damage_healed":0,"max_hp_loss":0,"max_hp_gain":0,"gold_gain":0,"gold_loss":0}],"boss_relics":[{"picked":"Fusion Hammer","not_picked":["Empty Cage","Runic Cube"]},{"picked":"Calling Bell","not_picked":["Black Star","Tiny House"]}],"damage_taken":[{"floor":1,"enemies":"Jaw Worm","damage":6,"turns":4},{"floor":2,"enemies":"2 Louse","damage":7,"turns":2},{"floor":3,"enemies":"Cultist","damage":10,"turns":4},{"floor":6,"enemies":"3 Sentries","damage":32,"turns":11},{"floor":8,"enemies":"Gremlin Nob","damage":11,"turns":4},{"floor":10,"enemies":"3 Sentries","damage":20,"turns":10},{"floor":11,"enemies":"Looter","damage":0,"turns":2},{"floor":12,"enemies":"Lagavulin","damage":32,"turns":10},{"floor":16,"enemies":"Hexaghost","damage":79,"turns":13},{"floor":18,"enemies":"Shell Parasite","damage":11,"turns":6},{"floor":19,"enemies":"3 Byrds","damage":7,"turns":4},{"floor":21,"enemies":"Snecko","damage":22,"turns":5},{"floor":22,"enemies":"Cultist and Chosen","damage":34,"turns":8},{"floor":24,"enemies":"Slavers","damage":23,"turns":3},{"floor":27,"enemies":"Snake Plant","damage":21,"turns":4},{"floor":28,"enemies":"Sentry and Sphere","damage":5,"turns":3},{"floor":29,"enemies":"Chosen and Byrds","damage":5,"turns":4},{"floor":30,"enemies":"Snake Plant","damage":18,"turns":4},{"floor":31,"enemies":"Gremlin Leader","damage":10,"turns":4},{"floor":33,"enemies":"Collector","damage":83,"turns":8},{"floor":35,"enemies":"3 Darklings","damage":10,"turns":3},{"floor":40,"enemies":"Nemesis","damage":68,"turns":10},{"floor":41,"enemies":"Orb Walker","damage":6,"turns":4},{"floor":44,"enemies":"Jaw Worm Horde","damage":7,"turns":3},{"floor":45,"enemies":"Giant Head","damage":77,"turns":11},{"floor":47,"enemies":"Spire Growth","damage":4,"turns":4},{"floor":48,"enemies":"Transient","damage":0,"turns":1},{"floor":50,"enemies":"Awakened One","damage":95,"turns":16}],"potions_obtained":[{"key":"FearPotion","floor":6},{"key":"Ancient Potion","floor":11},{"key":"Block Potion","floor":12},{"key":"BlessingOfTheForge","floor":18},{"key":"FearPotion","floor":21},{"key":"Strength Potion","floor":22},{"key":"Energy Potion","floor":29},{"key":"Block Potion","floor":33},{"key":"SmokeBomb","floor":41},{"key":"ElixirPotion","floor":45}],"relics_obtained":[{"key":"Anchor","floor":6},{"key":"Molten Egg 2","floor":8},{"key":"Self Forming Clay","floor":9},{"key":"Unceasing Top","floor":10},{"key":"Toy Ornithopter","floor":12},{"key":"Kunai","floor":24},{"key":"Matryoshka","floor":26},{"key":"Pen Nib","floor":31},{"key":"Juzu Bracelet","floor":34},{"key":"Meat on the Bone","floor":34},{"key":"Thread and Needle","floor":34},{"key":"Bottled Tornado","floor":40},{"key":"Centennial Puzzle","floor":43},{"key":"Bag of Marbles","floor":43},{"key":"Boot","floor":45}],"campfire_choices":[{"floor":7,"key":"REST"},{"floor":15,"key":"REST"},{"floor":32,"key":"REST"},{"floor":42,"key":"REST"},{"floor":49,"key":"REST"}],"circlet_count":0,"win_rate":0,"killed_by":null}