{"play_id":"edd6c251-395b-4d12-abc8-491853d394d0","build_version":"2020-01-27","seed_played":"-4403522375689478145","chose_seed":false,"seed_source_timestamp":2197040439794,"is_daily":false,"special_seed":null,"is_trial":false,"is_endless":false,"is_ascension_mode":true,"ascension_level":3,"neow_bonus":"BOSS_RELIC","neow_cost":"NONE","is_beta":false,"is_prod":false,"victory":false,"floor_reached":33,"score":348,"timestamp":1728061951,"local_time":"20241004171231","playtime":1534,"player_experience":62234,"master_deck":["Strike_R+1","Strike_R+1","Strike_R+1","Strike_R+1","Strike_R+1","Defend_R+1","Defend_R+1","Defend_R+1","Bash","Perfected Strike","Metallicize","Sword Boomerang","Perfected Strike+1","Iron Wave","Dropkick","Heavy Blade","Shrug It Off","Limit Break","Uppercut+1","Twin Strike","Thunderclap+1","RitualDagger","Flame Barrier","Infernal Blade"],"relics":["Tiny House","Paper Frog","Regal Pillow","Mercury Hourglass","Bag of Preparation","Ectoplasm","Bag of Marbles","Juzu Bracelet","Old Coin","Toolbox","WingedGreaves"],"gold":33,"campfire_rested":5,"campfire_upgraded":1,"purchased_purges":0,"potions_floor_spawned":[1,5,6,7,12,14,19,31],"potions_floor_usage":[6,7,7,14,16,16,16,33,33,33],"current_hp_per_floor":[83,83,83,79,62,17,28,53,53,23,23,13,53,36,76,56,85,73,59,21,15,15,55,55,52,52,37,36,36,76,56,56,0],"max_hp_per_floor":[85,85,85,85,85,85,85,85,85,85,85,85,85,85,85,85,85,85,85,85,85,85,85,85,85,85,85,85,85,85,85,85,85],"gold_per_floor":[169,169,169,186,196,231,246,246,300,329,329,341,341,366,366,461,461,461,461,461,461,461,461,231,231,231,231,231,33,33,33,33,33],"path_per_floor":["M","?","?","M","M","E","M","R","T","E","?","M","R","E","R","B",null,"M","M","M","?","?","R","$","?","T","E","M","$","R","E","R","B"],"path_taken":["M","?","?","M","M","E","M","R","T","E","?","M","R","E","R","BOSS","M","M","M","?","?","R","$","?","T","E","M","$","R","E","R","BOSS"],"items_purchased":["Bag of Marbles","Flame Barrier","Toolbox","BloodPotion"],"item_purchase_floors":[24,24,29,29],"items_purged":[],"items_purged_floors":[],"character_chosen":"IRONCLAD","card_choices":[{"picked":"Perfected Strike","not_picked":["Evolve","Iron Wave"],"floor":0},{"picked":"Metallicize","not_picked":["Anger","Cleave"],"floor":1},{"picked":"Sword Boomerang","not_picked":["Shockwave","Burning Pact"],"floor":4},{"picked":"Perfected Strike","not_picked":["Bludgeon","Body Slam"],"floor":5},{"picked":"Iron Wave","not_picked":["Disarm","Pommel Strike"],"floor":6},{"picked":"Dropkick","not_picked":["Evolve","Flex"],"floor":7},{"picked":"Heavy Blade","not_picked":["Headbutt","Metallicize"],"floor":10},{"picked":"SKIP","not_picked":["Combust","Disarm","Dropkick"],"floor":12},{"picked":"Shrug It Off","not_picked":["Entrench","Carnage"],"floor":14},{"picked":"Limit Break","not_picked":["Exhume","Berserk"],"floor":16},{"picked":"Uppercut+1","not_picked":["Body Slam","Bloodletting"],"floor":18},{"picked":"Twin Strike","not_picked":["Warcry","Bloodletting"],"floor":19},{"picked":"Thunderclap+1","not_picked":["Power Through","Iron Wave"],"floor":20},{"picked":"SKIP","not_picked":["Entrench+1","Pommel Strike","Dual Wield"],"floor":27},{"picked":"Infernal Blade","not_picked":["Rupture","Wild Strike"],"floor":28},{"picked":"SKIP","not_picked":["Wild Strike","Bloodletting","True Grit"],"floor":31}],"event_choices":[{"event_name":"Liars Game","player_choice":"Ignored","floor":2,"cards_obtained":null,"cards_removed":null,"cards_transformed":null,"cards_upgraded":null,"relics_obtained":null,"potions_obtained":null,"relics_lost":null,"damage_taken":0,"damage_healed":0,"max_hp_loss":0,"max_hp_gain":0,"gold_gain":0,"gold_loss":0},{"event_name":"Living Wall","player_choice":"Forget","floor":3,"cards_obtained":null,"cards_removed":["Defend_R"],"cards_transformed":null,"cards_upgraded":null,"relics_obtained":null,"potions_obtained":null,"relics_lost":null,"damage_taken":0,"damage_healed":0,"max_hp_loss":0,"max_hp_gain":0,"gold_gain":0,"gold_loss":0},{"event_name":"Dead Adventurer","player_choice":"Searched '2' times","floor":11,"cards_obtained":null,"cards_removed":null,"cards_transformed":null,"cards_upgraded":null,"relics_obtained":["Mercury Hourglass"],"potions_obtained":null,"relics_lost":null,"damage_taken":0,"damage_healed":0,"max_hp_loss":0,"max_hp_gain":0,"gold_gain":0,"gold_loss":0},{"event_name":"Nest","player_choice":"Joined the Cult","floor":21,"cards_obtained":["RitualDagger"],"cards_removed":null,"cards_transformed":null,"cards_upgraded":null,"relics_obtained":null,"potions_obtained":null,"relics_lost":null,"damage_taken":6,"damage_healed":0,"max_hp_loss":0,"max_hp_gain":0,"gold_gain":0,"gold_loss":0},{"event_name":"Back to Basics","player_choice":"Simplicity","floor":22,"cards_obtained":null,"cards_removed":null,"cards_transformed":null,"cards_upgraded":["Strike_R","Strike_R","Strike_R","Strike_R","Defend_R","Defend_R","Defend_R"],"relics_obtained":null,"potions_obtained":null,"relics_lost":null,"damage_taken":0,"damage_healed":0,"max_hp_loss":0,"max_hp_gain":0,"gold_gain":0,"gold_loss":0},{"event_name":"Designer","player_choice":"Punched","floor":25,"cards_obtained":null,"cards_removed":null,"cards_transformed":null,"cards_upgraded":null,"relics_obtained":null,"potions_obtained":null,"relics_lost":null,"damage_taken":3,"damage_healed":0,"max_hp_loss":0,"max_hp_gain":0,"gold_gain":0,"gold_loss":0}],"boss_relics":[{"picked":"Ectoplasm","not_picked":["SacredBark","Astrolabe"]}],"damage_taken":[{"floor":1,"enemies":"2 Louse","damage":2,"turns":2},{"floor":4,"enemies":"Jaw Worm","damage":4,"turns":3},{"floor":5,"enemies":"Small Slimes","damage":17,"turns":4},{"floor":6,"enemies":"3 Sentries","damage":45,"turns":7},{"floor":7,"enemies":"Looter","damage":6,"turns":2},{"floor":10,"enemies":"Lagavulin","damage":30,"turns":5},{"floor":12,"enemies":"3 Louse","damage":10,"turns":2},{"floor":14,"enemies":"3 Sentries","damage":17,"turns":5},{"floor":16,"enemies":"Hexaghost","damage":20,"turns":9},{"floor":18,"enemies":"Shell Parasite","damage":12,"turns":3},{"floor":19,"enemies":"3 Byrds","damage":14,"turns":4},{"floor":20,"enemies":"Shelled Parasite and Fungi","damage":38,"turns":6},{"floor":27,"enemies":"Book of Stabbing","damage":15,"turns":4},{"floor":28,"enemies":"Centurion and Healer","damage":1,"turns":3},{"floor":31,"enemies":"Slavers","damage":20,"turns":3},{"floor":33,"enemies":"Champ","damage":86,"turns":9}],"potions_obtained":[{"key":"FearPotion","floor":0},{"key":"GamblersBrew","floor":1},{"key":"BloodPotion","floor":5},{"key":"SteroidPotion","floor":6},{"key":"SpeedPotion","floor":7},{"key":"SteroidPotion","floor":12},{"key":"LiquidMemories","floor":14},{"key":"Ancient Potion","floor":19},{"key":"ColorlessPotion","floor":31}],"relics_obtained":[{"key":"Paper Frog","floor":6},{"key":"Regal Pillow","floor":10},{"key":"Bag of Preparation","floor":14},{"key":"Juzu Bracelet","floor":26},{"key":"Old Coin","floor":27},{"key":"WingedGreaves","floor":31}],"campfire_choices":[{"floor":8,"key":"REST"},{"floor":13,"key":"REST"},{"floor":15,"key":"REST"},{"floor":23,"key":"REST"},{"floor":30,"key":"REST"},{"floor":32,"key":"SMITH","data":"Perfected Strike"}],"circlet_count":0,"win_rate":0,"killed_by":"Champ"}