{"play_id":"eaac2c7c-8895-469f-bcc1-b7fd27214aa1","build_version":"2020-01-27","seed_played":"8423253057289477935","chose_seed":false,"seed_source_timestamp":0,"is_daily":false,"special_seed":0,"is_trial":false,"is_endless":false,"is_ascension_mode":true,"ascension_level":3,"neow_bonus":"RANDOM_COMMON_RELIC","neow_cost":"NONE","is_beta":false,"is_prod":false,"victory":false,"floor_reached":50,"score":699,"timestamp":1728120080,"local_time":"20241005092120","playtime":2566,"player_experience":63768,"master_deck":["Strike_R","Strike_R+1","Strike_R+1","Strike_R","Defend_R","Defend_R","Defend_R","Defend_R","Bash","Clothesline+1","Clash","True Grit","Headbutt","Twin Strike+1","Inflame","Demon Form","Uppercut","Armaments","Writhe","Whirlwind+1","Blood for Blood+1","Heavy Blade","Bludgeon","Perfected Strike+1","Ghostly Armor","Flame Barrier+1","Metallicize+1","Inflame+1","Dual Wield+1"],"relics":["Burning Blood","Whetstone","Torii","Letter Opener","Blood Vial","White Beast Statue","Fusion Hammer","Tiny Chest","Strange Spoon","Anchor","Bird Faced Urn","Matryoshka","Darkstone Periapt","Orichalcum","Black Star","Red Mask","Calipers","Art of War","Paper Frog","Boot","Mummified Hand","Mercury Hourglass","PreservedInsect","Happy Flower","Frozen Egg 2","Omamori"],"gold":104,"campfire_rested":7,"campfire_upgraded":2,"purchased_purges":0,"potions_floor_spawned":[1,2,3,16,18,23,24,30,31,33,35,37,38,40,42,44,46],"potions_floor_usage":[48,48],"current_hp_per_floor":[80,80,80,67,72,72,45,45,45,70,70,48,48,33,60,27,90,36,36,66,66,66,26,27,54,54,54,81,81,59,68,90,53,90,87,87,90,83,83,21,48,56,56,53,53,54,54,29,56,0],"max_hp_per_floor":[80,80,80,80,85,85,85,85,85,85,85,85,85,90,90,90,90,90,90,90,90,90,90,90,90,90,90,90,90,90,90,90,90,90,90,90,90,90,90,90,90,90,90,90,90,90,90,90,90,90],"gold_per_floor":[114,129,145,155,155,155,184,184,256,256,256,281,281,308,308,411,411,427,28,28,28,28,60,76,76,76,76,76,1,15,29,29,127,127,147,0,10,60,60,91,91,107,107,119,23,53,78,104,104,104],"path_per_floor":["M","M","M","M","?","R","E","R","T","R","?","E","?","E","R","B","ul","M","$","?","?","?","E","M","R","T","T","R","?","M","M","R","B","ul","M","?","M","?","$","E","R","M","T","M","$","E","T","E","R","B"],"path_taken":["M","M","?","M","?","R","E","R","T","R","?","E","?","E","R","BOSS","M","$","?","?","?","E","M","R","T","?","R","?","M","M","R","BOSS","M","?","M","?","$","E","R","M","T","M","$","E","?","E","R","BOSS"],"items_purchased":["Tiny Chest","Strange Spoon","Armaments","AttackPotion","CultistPotion"],"item_purchase_floors":[19,19,19,19,45],"items_purged":[],"items_purged_floors":[],"character_chosen":"IRONCLAD","card_choices":[{"picked":"Clothesline","not_picked":["Shockwave","Carnage"],"floor":1},{"picked":"Clash","not_picked":["Havoc","Flex"],"floor":2},{"picked":"True Grit","not_picked":["Clothesline","Evolve"],"floor":3},{"picked":"Headbutt","not_picked":["Pommel Strike","Bloodletting"],"floor":4},{"picked":"Twin Strike","not_picked":["Evolve","Flex"],"floor":7},{"picked":"SKIP","not_picked":["Fire Breathing","Combust","Feel No Pain"],"floor":12},{"picked":"Inflame","not_picked":["Body Slam","Uppercut"],"floor":14},{"picked":"Demon Form","not_picked":["Limit Break","Bludgeon"],"floor":16},{"picked":"Uppercut","not_picked":["Warcry","Battle Trance"],"floor":18},{"picked":"SKIP","not_picked":["Warcry","True Grit+1","Bloodletting"],"floor":23},{"picked":"Whirlwind+1","not_picked":["Combust","Blood for Blood"],"floor":24},{"picked":"Blood for Blood+1","not_picked":["Inflame","Clash"],"floor":30},{"picked":"Heavy Blade","not_picked":["Entrench","Bloodletting+1"],"floor":31},{"picked":"Bludgeon","not_picked":["Fiend Fire","Exhume"],"floor":33},{"picked":"Perfected Strike+1","not_picked":["Clash+1","Havoc+1"],"floor":35},{"picked":"Ghostly Armor","not_picked":["Rage+1","Clothesline+1"],"floor":37},{"picked":"Flame Barrier+1","not_picked":["Clash","Body Slam+1"],"floor":38},{"picked":"SKIP","not_picked":["Berserk","Havoc+1","Headbutt+1"],"floor":40},{"picked":"SKIP","not_picked":["Armaments","Second Wind","Headbutt+1"],"floor":42},{"picked":"Metallicize+1","not_picked":["Twin Strike+1","Clash"],"floor":44},{"picked":"Inflame+1","not_picked":["Heavy Blade","Burning Pact+1"],"floor":46},{"picked":"Dual Wield+1","not_picked":["Anger","Clothesline+1"],"floor":48}],"event_choices":[{"event_name":"Big Fish","player_choice":"Donut","floor":5,"cards_obtained":null,"cards_removed":null,"cards_transformed":null,"cards_upgraded":null,"relics_obtained":null,"potions_obtained":null,"relics_lost":null,"damage_taken":0,"damage_healed":0,"max_hp_loss":0,"max_hp_gain":5,"gold_gain":0,"gold_loss":0},{"event_name":"Shining Light","player_choice":"Ignored","floor":11,"cards_obtained":null,"cards_removed":null,"cards_transformed":null,"cards_upgraded":null,"relics_obtained":null,"potions_obtained":null,"relics_lost":null,"damage_taken":0,"damage_healed":0,"max_hp_loss":0,"max_hp_gain":0,"gold_gain":0,"gold_loss":0},{"event_name":"The Cleric","player_choice":"Leave","floor":13,"cards_obtained":null,"cards_removed":null,"cards_transformed":null,"cards_upgraded":null,"relics_obtained":null,"potions_obtained":null,"relics_lost":null,"damage_taken":0,"damage_healed":0,"max_hp_loss":0,"max_hp_gain":0,"gold_gain":0,"gold_loss":0},{"event_name":"The Library","player_choice":"Heal","floor":20,"cards_obtained":null,"cards_removed":null,"cards_transformed":null,"cards_upgraded":null,"relics_obtained":null,"potions_obtained":null,"relics_lost":null,"damage_taken":0,"damage_healed":30,"max_hp_loss":0,"max_hp_gain":0,"gold_gain":0,"gold_loss":0},{"event_name":"Ghosts","player_choice":"Ignored","floor":21,"cards_obtained":null,"cards_removed":null,"cards_transformed":null,"cards_upgraded":null,"relics_obtained":null,"potions_obtained":null,"relics_lost":null,"damage_taken":0,"damage_healed":0,"max_hp_loss":0,"max_hp_gain":0,"gold_gain":0,"gold_loss":0},{"event_name":"The Mausoleum","player_choice":"Opened","floor":22,"cards_obtained":["Writhe"],"cards_removed":null,"cards_transformed":null,"cards_upgraded":null,"relics_obtained":["Anchor"],"potions_obtained":null,"relics_lost":null,"damage_taken":0,"damage_healed":0,"max_hp_loss":0,"max_hp_gain":0,"gold_gain":0,"gold_loss":0},{"event_name":"Beggar","player_choice":"Gave Gold","floor":29,"cards_obtained":null,"cards_removed":["Strike_R"],"cards_transformed":null,"cards_upgraded":null,"relics_obtained":null,"potions_obtained":null,"relics_lost":null,"damage_taken":0,"damage_healed":0,"max_hp_loss":0,"max_hp_gain":0,"gold_gain":0,"gold_loss":75},{"event_name":"Tomb of Lord Red Mask","player_choice":"Paid","floor":36,"cards_obtained":null,"cards_removed":null,"cards_transformed":null,"cards_upgraded":null,"relics_obtained":["Red Mask"],"potions_obtained":null,"relics_lost":null,"damage_taken":0,"damage_healed":0,"max_hp_loss":0,"max_hp_gain":0,"gold_gain":0,"gold_loss":147},{"event_name":"MindBloom","player_choice":"Fight","floor":38,"cards_obtained":null,"cards_removed":null,"cards_transformed":null,"cards_upgraded":null,"relics_obtained":null,"potions_obtained":null,"relics_lost":null,"damage_taken":0,"damage_healed":0,"max_hp_loss":0,"max_hp_gain":0,"gold_gain":0,"gold_loss":0}],"boss_relics":[{"picked":"Fusion Hammer","not_picked":["Runic Cube","Coffee Dripper"]},{"picked":"Black Star","not_picked":["Empty Cage","Sozu"]}],"damage_taken":[{"floor":1,"enemies":"Cultist","damage":0,"turns":2},{"floor":2,"enemies":"Jaw Worm","damage":4,"turns":3},{"floor":3,"enemies":"Small Slimes","damage":0,"turns":2},{"floor":4,"enemies":"3 Louse","damage":19,"turns":5},{"floor":7,"enemies":"3 Sentries","damage":33,"turns":5},{"floor":12,"enemies":"Lagavulin","damage":28,"turns":8},{"floor":14,"enemies":"Gremlin Nob","damage":28,"turns":4},{"floor":16,"enemies":"Hexaghost","damage":41,"turns":12},{"floor":18,"enemies":"2 Thieves","damage":60,"turns":4},{"floor":23,"enemies":"Gremlin Leader","damage":48,"turns":8},{"floor":24,"enemies":"Shell Parasite","damage":9,"turns":4},{"floor":30,"enemies":"Sentry and Sphere","damage":34,"turns":7},{"floor":31,"enemies":"Snecko","damage":1,"turns":3},{"floor":33,"enemies":"Automaton","damage":43,"turns":10},{"floor":35,"enemies":"Orb Walker","damage":9,"turns":4},{"floor":37,"enemies":"3 Darklings","damage":0,"turns":2},{"floor":38,"enemies":"Mind Bloom Boss Battle","damage":13,"turns":7},{"floor":40,"enemies":"Reptomancer","damage":70,"turns":7},{"floor":42,"enemies":"4 Shapes","damage":0,"turns":4},{"floor":44,"enemies":"Sphere and 2 Shapes","damage":15,"turns":6},{"floor":46,"enemies":"Nemesis","damage":29,"turns":5},{"floor":48,"enemies":"Reptomancer","damage":39,"turns":5},{"floor":50,"enemies":"Awakened One","damage":65,"turns":8}],"potions_obtained":[{"key":"Fruit Juice","floor":1},{"key":"AttackPotion","floor":2},{"key":"GamblersBrew","floor":3},{"key":"LiquidBronze","floor":16},{"key":"FearPotion","floor":18},{"key":"Swift Potion","floor":23},{"key":"Energy Potion","floor":24},{"key":"Weak Potion","floor":30},{"key":"DistilledChaos","floor":31},{"key":"Block Potion","floor":33},{"key":"ColorlessPotion","floor":35},{"key":"Weak Potion","floor":37},{"key":"GamblersBrew","floor":38},{"key":"AttackPotion","floor":40},{"key":"BloodPotion","floor":42},{"key":"CultistPotion","floor":44},{"key":"PowerPotion","floor":46}],"relics_obtained":[{"key":"Torii","floor":7},{"key":"Letter Opener","floor":9},{"key":"Blood Vial","floor":12},{"key":"White Beast Statue","floor":14},{"key":"Bird Faced Urn","floor":23},{"key":"Matryoshka","floor":26},{"key":"Darkstone Periapt","floor":27},{"key":"Orichalcum","floor":27},{"key":"Calipers","floor":38},{"key":"Art of War","floor":40},{"key":"Paper Frog","floor":40},{"key":"Boot","floor":43},{"key":"Mummified Hand","floor":43},{"key":"Mercury Hourglass","floor":46},{"key":"PreservedInsect","floor":46},{"key":"Happy Flower","floor":47},{"key":"Frozen Egg 2","floor":48},{"key":"Omamori","floor":48}],"campfire_choices":[{"floor":6,"key":"SMITH","data":"Clothesline"},{"floor":8,"key":"SMITH","data":"Twin Strike"},{"floor":10,"key":"REST"},{"floor":15,"key":"REST"},{"floor":25,"key":"REST"},{"floor":28,"key":"REST"},{"floor":32,"key":"REST"},{"floor":41,"key":"REST"},{"floor":49,"key":"REST"}],"circlet_count":0,"win_rate":0,"killed_by":"Awakened One"}