{"play_id":"d9879ada-e82b-4935-8e13-3d641b789dec","build_version":"2020-01-27","seed_played":"6452293251600094622","chose_seed":false,"seed_source_timestamp":2523038670486,"is_daily":false,"special_seed":null,"is_trial":false,"is_endless":false,"is_ascension_mode":true,"ascension_level":3,"neow_bonus":"RANDOM_COMMON_RELIC","neow_cost":"NONE","is_beta":false,"is_prod":false,"victory":true,"floor_reached":51,"score":943,"timestamp":1728122335,"local_time":"10/05/2024 09:58:55","playtime":2212,"player_experience":66334,"master_deck":["Strike_R","Strike_R","Strike_R","Strike_R","Strike_R","Defend_R","Defend_R","Defend_R","Bash","Flame Barrier+1","Cleave","Perfected Strike+1","Heavy Blade","Clash","Heavy Blade+1","Anger","Impervious","Flex","Pummel+1","RitualDagger","Heavy Blade+1","Searing Blow+1","Limit Break+1","Thunderclap+1","Dark Shackles","The Bomb","Double Tap","Infernal Blade+1"],"relics":["Burning Blood","Happy Flower","Golden Idol","Matryoshka","Oddly Smooth Stone","Shuriken","Runic Cube","Girya","Ginger","Magic Flower","InkBottle","Meat on the Bone","Old Coin","Lizard Tail","Sling","Coffee Dripper","PreservedInsect","Gremlin Horn","Self Forming Clay","Bird Faced Urn","Anchor","Eternal Feather"],"gold":307,"campfire_rested":1,"campfire_upgraded":4,"purchased_purges":0,"potions_floor_spawned":[1,10,12,14,24,27,33,36,41],"potions_floor_usage":[10,18,18,23,28,28,41,50,50],"current_hp_per_floor":[76,69,49,49,54,54,60,60,60,66,66,68,74,78,78,38,85,85,70,64,64,64,39,22,47,47,62,41,43,43,43,43,55,85,82,84,74,74,64,64,66,66,66,66,70,79,85,85,85,33],"max_hp_per_floor":[80,80,80,80,85,85,85,85,85,85,85,85,85,85,85,85,85,85,85,85,85,85,85,85,85,85,85,85,85,85,85,85,85,85,85,85,85,85,85,85,85,85,85,85,85,85,85,85,85,85],"gold_per_floor":[109,109,109,9,9,9,29,29,29,73,48,89,113,138,138,267,267,291,311,311,311,21,59,80,80,80,96,429,454,1,1,1,130,130,155,175,175,175,189,189,228,228,228,228,244,279,294,307,307,307],"path_per_floor":["M","?","?","$","?","R","M","R","T","E","$","E","M","M","R","B",null,"M","M","?","?","$","E","M","R","T","M","E","M","$","$","R","B",null,"M","M","?","T","M","R","E","T","T","R","M","E","M","M","R","B",null],"path_taken":["M","?","?","$","?","R","M","R","T","E","$","E","M","M","R","BOSS","M","M","?","?","$","E","M","R","T","M","E","M","?","$","R","BOSS","M","M","?","?","M","R","E","?","T","R","M","E","M","M","R","BOSS"],"items_purchased":["Regen Potion","Cleave","Clash","Ginger","Lizard Tail","Sling"],"item_purchase_floors":[4,4,11,22,30,30],"items_purged":[],"items_purged_floors":[],"character_chosen":"IRONCLAD","card_choices":[{"picked":"Flame Barrier","not_picked":["Armaments","Thunderclap"],"floor":1},{"picked":"Perfected Strike","not_picked":["Flex","Battle Trance"],"floor":7},{"picked":"Heavy Blade","not_picked":["Reckless Charge","Disarm"],"floor":10},{"picked":"Heavy Blade","not_picked":["Cleave","Warcry"],"floor":12},{"picked":"Anger","not_picked":["Iron Wave","Blood for Blood"],"floor":13},{"picked":"SKIP","not_picked":["Flame Barrier","Iron Wave","Clash"],"floor":14},{"picked":"Impervious","not_picked":["Exhume","Corruption"],"floor":16},{"picked":"Flex","not_picked":["Cleave","Burning Pact"],"floor":18},{"picked":"Pummel+1","not_picked":["Flex","Rupture"],"floor":19},{"picked":"Heavy Blade+1","not_picked":["Pummel+1","Sword Boomerang"],"floor":23},{"picked":"SKIP","not_picked":["Dark Embrace","Headbutt","Intimidate"],"floor":24},{"picked":"SKIP","not_picked":["Evolve+1","Pummel","Dual Wield+1"],"floor":27},{"picked":"Searing Blow+1","not_picked":["Flame Barrier+1","Dual Wield+1"],"floor":28},{"picked":"SKIP","not_picked":["Twin Strike","Cleave","Battle Trance+1"],"floor":29},{"picked":"Limit Break","not_picked":["Berserk","Fiend Fire"],"floor":33},{"picked":"Thunderclap+1","not_picked":["Havoc+1","Headbutt"],"floor":35},{"picked":"SKIP","not_picked":["Sentinel","Burning Pact","Second Wind+1"],"floor":36},{"picked":"Dark Shackles","not_picked":["Enlightenment","PanicButton"],"floor":37},{"picked":"The Bomb","not_picked":["Violence","Thinking Ahead"],"floor":37},{"picked":"SKIP","not_picked":["Dual Wield","Wild Strike+1","Cleave+1"],"floor":39},{"picked":"SKIP","not_picked":["Anger","Body Slam","Shrug It Off"],"floor":41},{"picked":"Double Tap","not_picked":["True Grit+1","Clash+1"],"floor":45},{"picked":"SKIP","not_picked":["Iron Wave","Wild Strike+1","Perfected Strike+1"],"floor":46},{"picked":"Infernal Blade+1","not_picked":["Heavy Blade","Body Slam+1"],"floor":47},{"picked":"SKIP","not_picked":["Flex","Wild Strike+1","Flame Barrier"],"floor":48}],"event_choices":[{"event_name":"Golden Wing","player_choice":"Card Removal","floor":2,"cards_obtained":null,"cards_removed":["Defend_R"],"cards_transformed":null,"cards_upgraded":null,"relics_obtained":null,"potions_obtained":null,"relics_lost":null,"damage_taken":7,"damage_healed":0,"max_hp_loss":0,"max_hp_gain":0,"gold_gain":0,"gold_loss":0},{"event_name":"Golden Idol","player_choice":"Take Damage","floor":3,"cards_obtained":null,"cards_removed":null,"cards_transformed":null,"cards_upgraded":null,"relics_obtained":["Golden Idol"],"potions_obtained":null,"relics_lost":null,"damage_taken":20,"damage_healed":0,"max_hp_loss":0,"max_hp_gain":0,"gold_gain":0,"gold_loss":0},{"event_name":"Big Fish","player_choice":"Donut","floor":5,"cards_obtained":null,"cards_removed":null,"cards_transformed":null,"cards_upgraded":null,"relics_obtained":null,"potions_obtained":null,"relics_lost":null,"damage_taken":0,"damage_healed":0,"max_hp_loss":0,"max_hp_gain":5,"gold_gain":0,"gold_loss":0},{"event_name":"Nest","player_choice":"Joined the Cult","floor":20,"cards_obtained":["RitualDagger"],"cards_removed":null,"cards_transformed":null,"cards_upgraded":null,"relics_obtained":null,"potions_obtained":null,"relics_lost":null,"damage_taken":6,"damage_healed":0,"max_hp_loss":0,"max_hp_gain":0,"gold_gain":0,"gold_loss":0},{"event_name":"The Mausoleum","player_choice":"Opened","floor":21,"cards_obtained":null,"cards_removed":null,"cards_transformed":null,"cards_upgraded":null,"relics_obtained":["Girya"],"potions_obtained":null,"relics_lost":null,"damage_taken":0,"damage_healed":0,"max_hp_loss":0,"max_hp_gain":0,"gold_gain":0,"gold_loss":0},{"event_name":"SensoryStone","player_choice":"Memory 3","floor":37,"cards_obtained":null,"cards_removed":null,"cards_transformed":null,"cards_upgraded":null,"relics_obtained":null,"potions_obtained":null,"relics_lost":null,"damage_taken":10,"damage_healed":0,"max_hp_loss":0,"max_hp_gain":0,"gold_gain":0,"gold_loss":0}],"boss_relics":[{"picked":"Runic Cube","not_picked":["Tiny House","Runic Dome"]},{"picked":"Coffee Dripper","not_picked":["Empty Cage","Snecko Eye"]}],"damage_taken":[{"floor":1,"enemies":"Small Slimes","damage":10,"turns":3},{"floor":7,"enemies":"2 Louse","damage":0,"turns":2},{"floor":10,"enemies":"3 Sentries","damage":14,"turns":6},{"floor":12,"enemies":"Gremlin Nob","damage":4,"turns":3},{"floor":13,"enemies":"Jaw Worm","damage":0,"turns":2},{"floor":14,"enemies":"Blue Slaver","damage":2,"turns":3},{"floor":16,"enemies":"Slime Boss","damage":46,"turns":10},{"floor":18,"enemies":"3 Byrds","damage":5,"turns":3},{"floor":19,"enemies":"2 Thieves","damage":21,"turns":4},{"floor":23,"enemies":"Slavers","damage":31,"turns":5},{"floor":24,"enemies":"Shelled Parasite and Fungi","damage":26,"turns":5},{"floor":27,"enemies":"Cultist and Chosen","damage":12,"turns":3},{"floor":28,"enemies":"Book of Stabbing","damage":48,"turns":5},{"floor":29,"enemies":"Snake Plant","damage":25,"turns":3},{"floor":33,"enemies":"Automaton","damage":99,"turns":11},{"floor":35,"enemies":"3 Shapes","damage":12,"turns":3},{"floor":36,"enemies":"3 Darklings","damage":7,"turns":3},{"floor":39,"enemies":"Spire Growth","damage":37,"turns":4},{"floor":41,"enemies":"Giant Head","damage":7,"turns":5},{"floor":45,"enemies":"4 Shapes","damage":5,"turns":2},{"floor":46,"enemies":"Reptomancer","damage":0,"turns":2},{"floor":47,"enemies":"3 Darklings","damage":0,"turns":2},{"floor":48,"enemies":"Sphere and 2 Shapes","damage":2,"turns":2},{"floor":50,"enemies":"Awakened One","damage":79,"turns":8}],"potions_obtained":[{"key":"LiquidBronze","floor":1},{"key":"EssenceOfSteel","floor":10},{"key":"HeartOfIron","floor":12},{"key":"LiquidMemories","floor":14},{"key":"LiquidMemories","floor":24},{"key":"EssenceOfSteel","floor":27},{"key":"ColorlessPotion","floor":33},{"key":"SteroidPotion","floor":36},{"key":"ColorlessPotion","floor":41}],"relics_obtained":[{"key":"Matryoshka","floor":9},{"key":"Oddly Smooth Stone","floor":10},{"key":"Shuriken","floor":12},{"key":"Magic Flower","floor":23},{"key":"InkBottle","floor":26},{"key":"Meat on the Bone","floor":26},{"key":"Old Coin","floor":28},{"key":"PreservedInsect","floor":38},{"key":"Gremlin Horn","floor":38},{"key":"Self Forming Clay","floor":41},{"key":"Bird Faced Urn","floor":42},{"key":"Anchor","floor":43},{"key":"Eternal Feather","floor":46}],"campfire_choices":[{"floor":6,"key":"SMITH","data":"Flame Barrier"},{"floor":8,"key":"SMITH","data":"Perfected Strike"},{"floor":15,"key":"SMITH","data":"Heavy Blade"},{"floor":25,"key":"REST"},{"floor":32,"key":"LIFT","data":"1"},{"floor":40,"key":"LIFT","data":"2"},{"floor":44,"key":"LIFT","data":"3"},{"floor":49,"key":"SMITH","data":"Limit Break"}],"circlet_count":0,"win_rate":0,"killed_by":null}