{"gold_per_floor":[117,117,136,89,101,101,134,134,134,134,167,182,195,210,210,312,312,322,322,322,336,336,361,208,208],"floor_reached":25,"playtime":1116,"items_purged":[],"score":231,"play_id":"15918b05-885a-4d55-ade8-2d78cfc55fed","local_time":"20241023181156","is_ascension_mode":false,"campfire_choices":[{"data":"Body Slam","floor":6,"key":"SMITH"},{"data":"Feed","floor":15,"key":"SMITH"}],"neow_cost":"","seed_source_timestamp":364693971092600,"circlet_count":0,"master_deck":["Strike_R","Strike_R","Strike_R","Strike_R","Defend_R","Defend_R","Defend_R","Defend_R","Bash","Headbutt","Metallicize","Body Slam+1","Bludgeon","Feed+1","True Grit","Pommel Strike","Iron Wave","Juggernaut","CurseOfTheBell","Sword Boomerang+1","Shrug It Off"],"relics":["Burning Blood","White Beast Statue","Oddly Smooth Stone","Gremlin Horn","Eternal Feather","Calling Bell","Anchor","Champion Belt","Nilry\u0027s Codex","Nloth\u0027s Gift","Bag of Marbles","Nunchaku"],"potions_floor_usage":[7,13,16,16,23,23,25],"damage_taken":[{"damage":22,"enemies":"Jaw Worm","floor":1,"turns":4},{"damage":1,"enemies":"Cultist","floor":3,"turns":3},{"damage":0,"enemies":"Small Slimes","floor":5,"turns":3},{"damage":11,"enemies":"Gremlin Nob","floor":7,"turns":3},{"damage":15,"enemies":"3 Sentries","floor":11,"turns":9},{"damage":9,"enemies":"2 Fungi Beasts","floor":12,"turns":3},{"damage":5,"enemies":"Exordium Thugs","floor":13,"turns":3},{"damage":0,"enemies":"Exordium Wildlife","floor":14,"turns":3},{"damage":49,"enemies":"The Guardian","floor":16,"turns":10},{"damage":37,"enemies":"Spheric Guardian","floor":18,"turns":6},{"damage":33,"enemies":"Shell Parasite","floor":21,"turns":7},{"damage":36,"enemies":"Slavers","floor":23,"turns":7},{"damage":25,"enemies":"Book of Stabbing","floor":25,"turns":4}],"seed_played":"8583238352360619381","potions_obtained":[{"floor":1,"key":"DuplicationPotion"},{"floor":3,"key":"LiquidMemories"},{"floor":5,"key":"DuplicationPotion"},{"floor":7,"key":"FairyPotion"},{"floor":13,"key":"SteroidPotion"},{"floor":16,"key":"PowerPotion"},{"floor":18,"key":"BlessingOfTheForge"},{"floor":21,"key":"LiquidMemories"},{"floor":23,"key":"Fire Potion"}],"is_trial":false,"path_per_floor":["M","?","M","$","M","R","E","?","T","?","E","M","M","M","R","B",null,"M","?","?","M","?","E","$","E"],"character_chosen":"IRONCLAD","items_purchased":["Body Slam","Nunchaku"],"campfire_rested":0,"item_purchase_floors":[4,24],"current_hp_per_floor":[64,64,69,69,75,75,70,63,63,63,57,57,61,70,79,36,92,61,45,45,18,18,24,24,0],"gold":208,"neow_bonus":"","is_prod":false,"is_daily":false,"chose_seed":false,"campfire_upgraded":2,"win_rate":0.0,"timestamp":1729699916,"path_taken":["M","?","M","?","?","R","E","?","T","?","E","M","?","M","R","BOSS","M","?","?","M","?","E","$","E"],"build_version":"2022-12-18","purchased_purges":0,"victory":false,"max_hp_per_floor":[80,80,80,80,80,80,80,80,80,80,83,86,89,92,92,92,92,92,92,92,92,92,92,92,92],"card_choices":[{"not_picked":["Feel No Pain","Thunderclap"],"picked":"Headbutt","floor":1},{"not_picked":["Headbutt","True Grit"],"picked":"Metallicize","floor":3},{"not_picked":["Anger","Armaments"],"picked":"Bludgeon","floor":5},{"not_picked":["Hemokinesis","Body Slam"],"picked":"Feed","floor":7},{"not_picked":["Battle Trance","Clash","Thunderclap"],"picked":"SKIP","floor":11},{"not_picked":["Clash","Anger"],"picked":"True Grit","floor":12},{"not_picked":["Warcry","Anger"],"picked":"Pommel Strike","floor":13},{"not_picked":["Thunderclap","Warcry"],"picked":"Iron Wave","floor":14},{"not_picked":["Berserk","Reaper"],"picked":"Juggernaut","floor":16},{"not_picked":["Hemokinesis","Body Slam","Reckless Charge"],"picked":"SKIP","floor":18},{"not_picked":["Dual Wield","Thunderclap"],"picked":"Sword Boomerang+1","floor":21},{"not_picked":["Burning Pact+1","Pummel"],"picked":"Shrug It Off","floor":23}],"player_experience":0,"relics_obtained":[{"floor":2,"key":"White Beast Statue"},{"floor":7,"key":"Oddly Smooth Stone"},{"floor":9,"key":"Gremlin Horn"},{"floor":11,"key":"Eternal Feather"},{"floor":17,"key":"Anchor"},{"floor":17,"key":"Darkstone Periapt"},{"floor":17,"key":"Champion Belt"},{"floor":19,"key":"Nilry\u0027s Codex"},{"floor":23,"key":"Bag of Marbles"}],"event_choices":[{"damage_healed":0,"gold_gain":0,"player_choice":"Relic","damage_taken":0,"max_hp_gain":0,"max_hp_loss":0,"event_name":"Wheel of Change","floor":2,"gold_loss":0},{"cards_removed":["Strike_R"],"damage_healed":0,"gold_gain":0,"player_choice":"Card Removal","damage_taken":7,"max_hp_gain":0,"max_hp_loss":0,"event_name":"Golden Wing","floor":8,"gold_loss":0},{"damage_healed":0,"gold_gain":0,"player_choice":"Got Potions","damage_taken":0,"max_hp_gain":0,"max_hp_loss":0,"event_name":"Lab","floor":10,"gold_loss":0},{"damage_healed":0,"gold_gain":0,"player_choice":"Obtained Book","damage_taken":16,"max_hp_gain":0,"max_hp_loss":0,"event_name":"Cursed Tome","floor":19,"gold_loss":0},{"damage_healed":0,"gold_gain":0,"player_choice":"Ignored","damage_taken":0,"max_hp_gain":0,"max_hp_loss":0,"event_name":"Ghosts","floor":20,"gold_loss":0},{"damage_healed":0,"gold_gain":0,"player_choice":"Traded Relic","damage_taken":0,"relics_obtained":["Nloth\u0027s Gift"],"max_hp_gain":0,"max_hp_loss":0,"event_name":"N\u0027loth","floor":22,"relics_lost":["Darkstone Periapt"],"gold_loss":0}],"is_beta":false,"boss_relics":[{"not_picked":["SacredBark","Runic Cube"],"picked":"Calling Bell"}],"items_purged_floors":[],"is_endless":false,"potions_floor_spawned":[1,3,5,7,11,12,13,14,16,18,21,23],"killed_by":"Book of Stabbing","ascension_level":0}