{"play_id":"da488a46-08de-46c3-8e72-636d88880051","build_version":"2020-01-27","seed_played":"2462332643386071668","chose_seed":false,"seed_source_timestamp":1648526099576,"is_daily":false,"special_seed":0,"is_trial":false,"is_endless":false,"is_ascension_mode":true,"ascension_level":4,"neow_bonus":"HUNDRED_GOLD","neow_cost":"NONE","is_beta":false,"is_prod":false,"victory":true,"floor_reached":51,"score":1015,"timestamp":1734794963,"local_time":"12/21/2024 15:29:23","playtime":2546,"player_experience":116043,"master_deck":["Strike_R","Strike_R","Strike_R","Strike_R","Strike_R","Defend_R","Defend_R","Defend_R","Pommel Strike","Inflame+1","Inflame","Ghostly Armor","Sword Boomerang+1","Feed","Clothesline","Bludgeon","Cleave","Shrug It Off+1","Immolate","Iron Wave+1","Heavy Blade","Impervious","Shrug It Off+1","Seeing Red","Perfected Strike","Whirlwind","Perfected Strike","Blood for Blood+1","Flex+1","Demon Form"],"relics":["Burning Blood","Singing Bowl","Blood Vial","Anchor","Sundial","Tiny Chest","Gremlin Horn","Lee's Waffle","Fusion Hammer","Akabeko","MawBank","Omamori","MealTicket","CeramicFish","Philosopher's Stone","Potion Belt","Torii","Turnip","Ginger","Sling","Question Card","CaptainsWheel"],"gold":480,"campfire_rested":4,"campfire_upgraded":2,"purchased_purges":1,"potions_floor_spawned":[1,3,10,11,12,16,23,28,29,31,33,44,47],"potions_floor_usage":[29,30,39,46,47,50],"current_hp_per_floor":[75,75,78,78,82,55,55,41,41,9,17,26,36,99,99,80,102,87,87,67,67,67,46,46,76,76,69,58,54,62,69,102,41,115,115,115,115,115,73,63,98,113,113,109,109,10,41,45,81,11],"max_hp_per_floor":[80,80,80,80,82,82,82,84,84,84,84,87,92,99,99,102,102,102,102,102,102,102,102,102,102,102,107,110,110,110,112,112,115,115,115,115,115,115,118,118,118,118,118,118,118,118,118,121,121,121],"gold_per_floor":[211,211,229,9,23,56,56,83,133,166,176,194,210,61,61,166,166,186,186,197,45,93,137,74,86,98,121,147,175,223,251,263,383,395,436,448,460,499,574,630,642,66,66,85,385,426,452,480,480,480],"path_per_floor":["M","T","M","$","M","E","R","E","T","E","M","M","M","$","R","B","ul","M","?","M","$","T","E","?","R","T","M","M","M","E","M","R","B",null,"M","?","?","T","?","E","R","$","T","M","?","E","M","M","R","B",null],"path_taken":["M","?","M","?","M","E","R","E","T","E","M","?","M","$","R","BOSS","M","?","M","?","?","E","?","R","T","M","M","M","E","M","R","BOSS","M","?","?","?","?","E","R","$","T","?","?","E","M","M","R","BOSS"],"items_purchased":["Blood Vial","Inflame","Lee's Waffle","Akabeko","Ginger","Sling","Whirlwind"],"item_purchase_floors":[4,4,14,21,42,42,42],"items_purged":["Bash"],"items_purged_floors":[42],"character_chosen":"IRONCLAD","card_choices":[{"picked":"Pommel Strike","not_picked":["Entrench","True Grit"],"floor":1},{"picked":"Inflame","not_picked":["Iron Wave","Heavy Blade"],"floor":3},{"picked":"Singing Bowl","not_picked":["Searing Blow","True Grit","Flex"],"floor":5},{"picked":"Ghostly Armor","not_picked":["Searing Blow","Wild Strike"],"floor":6},{"picked":"Singing Bowl","not_picked":["Armaments","True Grit","Dark Embrace"],"floor":8},{"picked":"Sword Boomerang","not_picked":["Twin Strike","Evolve"],"floor":10},{"picked":"Feed","not_picked":["Pommel Strike","Armaments"],"floor":11},{"picked":"Clothesline","not_picked":["Armaments","Flex"],"floor":12},{"picked":"Singing Bowl","not_picked":["Dark Embrace","Second Wind","Entrench"],"floor":13},{"picked":"Bludgeon","not_picked":["Double Tap","Offering"],"floor":16},{"picked":"Cleave","not_picked":["Havoc","True Grit"],"floor":18},{"picked":"Shrug It Off+1","not_picked":["Havoc","Exhume"],"floor":20},{"picked":"Immolate","not_picked":["Metallicize","Sentinel+1"],"floor":23},{"picked":"Singing Bowl","not_picked":["Sword Boomerang","Warcry+1","Twin Strike"],"floor":27},{"picked":"Iron Wave+1","not_picked":["Disarm","Warcry"],"floor":28},{"picked":"Heavy Blade","not_picked":["Perfected Strike","Twin Strike+1"],"floor":29},{"picked":"Anger+1","not_picked":["Intimidate+1","Sentinel+1"],"floor":30},{"picked":"Singing Bowl","not_picked":["Entrench","Body Slam+1","Iron Wave"],"floor":31},{"picked":"Impervious","not_picked":["Offering","Reaper"],"floor":33},{"picked":"Shrug It Off+1","not_picked":["Warcry","Iron Wave"],"floor":35},{"picked":"Seeing Red","not_picked":["Clothesline","Dropkick"],"floor":39},{"picked":"Perfected Strike","not_picked":["Entrench+1","Body Slam+1"],"floor":40},{"picked":"Perfected Strike","not_picked":["Havoc+1","True Grit","Warcry+1"],"floor":44},{"picked":"Blood for Blood+1","not_picked":["Shrug It Off","Clash","Twin Strike+1"],"floor":46},{"picked":"Flex+1","not_picked":["Second Wind","Feel No Pain","Cleave"],"floor":47},{"picked":"Demon Form","not_picked":["Rampage","Shrug It Off+1","Feel No Pain"],"floor":48}],"event_choices":[{"event_name":"The Woman in Blue","player_choice":"Bought 0 Potions","floor":19,"cards_obtained":null,"cards_removed":null,"cards_transformed":null,"cards_upgraded":null,"relics_obtained":null,"potions_obtained":null,"relics_lost":null,"damage_taken":0,"damage_healed":0,"max_hp_loss":0,"max_hp_gain":0,"gold_gain":0,"gold_loss":0},{"event_name":"Beggar","player_choice":"Gave Gold","floor":24,"cards_obtained":null,"cards_removed":["Defend_R"],"cards_transformed":null,"cards_upgraded":null,"relics_obtained":null,"potions_obtained":null,"relics_lost":null,"damage_taken":0,"damage_healed":0,"max_hp_loss":0,"max_hp_gain":0,"gold_gain":0,"gold_loss":75},{"event_name":"Winding Halls","player_choice":"Writhe","floor":36,"cards_obtained":["Writhe"],"cards_removed":null,"cards_transformed":null,"cards_upgraded":null,"relics_obtained":null,"potions_obtained":null,"relics_lost":null,"damage_taken":0,"damage_healed":29,"max_hp_loss":0,"max_hp_gain":0,"gold_gain":0,"gold_loss":0},{"event_name":"Falling","player_choice":"Removed Attack","floor":37,"cards_obtained":null,"cards_removed":["Anger"],"cards_transformed":null,"cards_upgraded":null,"relics_obtained":null,"potions_obtained":null,"relics_lost":null,"damage_taken":0,"damage_healed":0,"max_hp_loss":0,"max_hp_gain":0,"gold_gain":0,"gold_loss":0},{"event_name":"Mysterious Sphere","player_choice":"Fight","floor":39,"cards_obtained":null,"cards_removed":null,"cards_transformed":null,"cards_upgraded":null,"relics_obtained":null,"potions_obtained":null,"relics_lost":null,"damage_taken":0,"damage_healed":0,"max_hp_loss":0,"max_hp_gain":0,"gold_gain":0,"gold_loss":0},{"event_name":"Wheel of Change","player_choice":"Gold","floor":45,"cards_obtained":null,"cards_removed":null,"cards_transformed":null,"cards_upgraded":null,"relics_obtained":null,"potions_obtained":null,"relics_lost":null,"damage_taken":0,"damage_healed":0,"max_hp_loss":0,"max_hp_gain":0,"gold_gain":300,"gold_loss":0}],"boss_relics":[{"picked":"Fusion Hammer","not_picked":["SacredBark","Coffee Dripper"]},{"picked":"Philosopher's Stone","not_picked":["Mark of Pain","Tiny House"]}],"damage_taken":[{"floor":1,"enemies":"Cultist","damage":11,"turns":5},{"floor":3,"enemies":"Jaw Worm","damage":3,"turns":5},{"floor":5,"enemies":"2 Louse","damage":6,"turns":3},{"floor":6,"enemies":"3 Sentries","damage":33,"turns":9},{"floor":8,"enemies":"Gremlin Nob","damage":24,"turns":4},{"floor":10,"enemies":"3 Sentries","damage":40,"turns":10},{"floor":11,"enemies":"Exordium Wildlife","damage":0,"turns":3},{"floor":12,"enemies":"2 Fungi Beasts","damage":2,"turns":3},{"floor":13,"enemies":"3 Louse","damage":3,"turns":3},{"floor":16,"enemies":"Hexaghost","damage":28,"turns":7},{"floor":18,"enemies":"Spheric Guardian","damage":21,"turns":4},{"floor":20,"enemies":"Chosen","damage":28,"turns":6},{"floor":23,"enemies":"Book of Stabbing","damage":29,"turns":5},{"floor":27,"enemies":"Sentry and Sphere","damage":20,"turns":4},{"floor":28,"enemies":"Shelled Parasite and Fungi","damage":22,"turns":4},{"floor":29,"enemies":"Centurion and Healer","damage":12,"turns":4},{"floor":30,"enemies":"Gremlin Leader","damage":0,"turns":5},{"floor":31,"enemies":"Snecko","damage":3,"turns":3},{"floor":33,"enemies":"Champ","damage":72,"turns":10},{"floor":35,"enemies":"3 Shapes","damage":0,"turns":1},{"floor":39,"enemies":"2 Orb Walkers","damage":51,"turns":5},{"floor":40,"enemies":"Reptomancer","damage":18,"turns":5},{"floor":44,"enemies":"Orb Walker","damage":12,"turns":4},{"floor":46,"enemies":"Giant Head","damage":107,"turns":9},{"floor":47,"enemies":"Writhing Mass","damage":12,"turns":5},{"floor":48,"enemies":"4 Shapes","damage":7,"turns":4},{"floor":50,"enemies":"Awakened One","damage":78,"turns":7}],"potions_obtained":[{"key":"LiquidMemories","floor":1},{"key":"EssenceOfSteel","floor":3},{"key":"GamblersBrew","floor":10},{"key":"SneckoOil","floor":11},{"key":"DistilledChaos","floor":12},{"key":"SteroidPotion","floor":16},{"key":"Strength Potion","floor":23},{"key":"Block Potion","floor":28},{"key":"FairyPotion","floor":29},{"key":"Fire Potion","floor":31},{"key":"EssenceOfSteel","floor":33},{"key":"ColorlessPotion","floor":44},{"key":"ColorlessPotion","floor":47}],"relics_obtained":[{"key":"Singing Bowl","floor":2},{"key":"Anchor","floor":6},{"key":"Sundial","floor":8},{"key":"Tiny Chest","floor":9},{"key":"Gremlin Horn","floor":10},{"key":"MawBank","floor":22},{"key":"Omamori","floor":23},{"key":"MealTicket","floor":26},{"key":"CeramicFish","floor":30},{"key":"Potion Belt","floor":38},{"key":"Torii","floor":39},{"key":"Turnip","floor":40},{"key":"Question Card","floor":43},{"key":"CaptainsWheel","floor":46}],"campfire_choices":[{"floor":7,"key":"SMITH","data":"Inflame"},{"floor":15,"key":"SMITH","data":"Sword Boomerang"},{"floor":25,"key":"REST"},{"floor":32,"key":"REST"},{"floor":41,"key":"REST"},{"floor":49,"key":"REST"}],"circlet_count":0,"win_rate":0,"killed_by":null}